4242 6259
178 280 236 375 ets
638 332 644 345 ·
823 305 978 371 noenum
997 305 1212 386 orsomstmo.
1785 284 1845 383 ste

181 432 264 504 rec.)
285 443 319 489 er
342 428 459 488 Eusebio
487 427 580 502 (dist.
602 426 678 486 tert.
707 427 752 485 ro.
776 425 827 494 Vl,
845 443 869 483 r.
889 424 942 495 xl,
961 445 989 500 p.
1003 429 1030 493 A
1042 429 1096 487 enli
1111 432 1175 489 noni
1198 433 1361 504 historicus,
1388 435 1460 493 nulla
1474 435 1569 496 vocula
1581 446 1695 508 mutata,
1711 438 1839 513 repetiit:

184 522 253 591 ute,
265 523 331 597 213)
357 522 408 579 riri
422 523 494 581 docti
509 523 579 580 bene
599 522 788 580 observarunt.
803 521 862 589 Quo
874 519 986 592 quidem
1042 521 1140 591 Quinta
1155 520 1217 598 'post
1242 525 1371 585 Neronem
1385 532 1559 603 perseeutione
1579 530 1738 588 dirissimas
1750 548 1841 589 mars-

182 619 340 676 turbulento
352 632 385 676 ac
391 618 549 675 calamitoso
561 626 684 692 tempore
699 627 753 676 tam
764 616 900 675 laborioso
910 615 986 685 operi
1038 618 1114 673 clarit
1125 634 1136 672 .·
1148 620 1303 694 plurimique
1323 632 1469 680 sanctorem
1494 640 1540 696 per
1558 623 1671 681 diuersos
1695 624 1841 696 prouincias

181 727 245 771 eum
262 727 358 770 uacare
372 714 510 783 potuisse,
523 712 614 769 nulius
625 710 704 768 lacile
716 709 827 768 dixerit.
840 708 901 782 ipse
915 708 987 769 osie-
1039 712 1290 782 mertpriocororoti
1301 725 1371 771 sotir.
1382 713 1458 772 iiam
1470 715 1630 789 propiorem
1643 716 1670 772 im
1681 715 1841 774 comesuros

181 807 318 865 borrimus
346 806 511 876 Dodmeiius,
537 806 584 880 qui
603 822 651 864 sua
680 822 753 877 saepe
776 805 866 889 gineta
894 802 984 871 caedit,
1035 809 1060 856 ot
1073 799 1214 859 Ecclesiam
1236 804 1285 861 Dei
1298 809 1520 880 maraotptionrm
1534 808 1639 877 Seueri,
1655 809 1761 866 relato
1776 807 1842 866 ultio

181 899 235 956 troc
251 899 379 972 agnouit,
392 915 424 957 ac
445 899 491 956 dio
505 909 568 957 ante
580 915 606 957 a.
623 898 700 958 CCii.
713 899 845 956 stromata
858 899 908 955 ista
918 912 984 955 era·
1036 898 1168 971 evestigio
1181 909 1241 956 orta
1252 900 1423 980 subsequitur.
1440 902 1511 958 Nam
1524 905 1645 960 contiuno
1658 904 1776 975 copitar,
1799 903 1841 961 sel

179 1001 240 1051 rata
267 991 351 1049 inisse
379 992 501 1064 pluribus
535 992 685 1050 rationibus
711 991 781 1049 binis
805 989 873 1048 iocis
896 989 987 1047 docuit
1041 992 1127 1063 potius
1140 995 1279 1050 retruditur
1289 996 1316 1052 im
1333 995 1446 1053 Galliam
1457 995 1680 1070 SeseruseSprio
1693 996 1729 1053 od
1738 996 1841 1053 tertium

179 1082 266 1159 (bist.
292 1084 354 1143 tlt.
380 1087 408 1143 in
435 1086 575 1156 iseooeom,
591 1086 606 1160 5
625 1083 751 1142 xxtll.
765 1103 793 1158 p.
821 1083 885 1151 2¹16,
901 1100 936 1148 s:
963 1092 987 1139 ct
1037 1084 1112 1140 cisiis
1127 1085 1230 1145 beilum.
1249 1086 1335 1145 dimum
1351 1091 1487 1163 jonteuim
1510 1090 1732 1149 Romoeodsersttr
1750 1088 1839 1146 dolio·

180 1174 254 1236 Dias.
269 1179 302 1235 de
313 1177 425 1236 Rornae.
440 1179 542 1252 Pontii.
557 1181 680 1252 primore
696 1179 864 1249 successione,
879 1197 902 1235 c.
918 1177 945 1234 X
952 1177 984 1247 t,
1038 1193 1122 1249 maor,
1139 1177 1212 1234 uliud
1226 1182 1252 1236 in
1267 1180 1347 1254 Sprio
1359 1192 1449 1240 contro
1462 1182 1631 1241 Pescennium
1643 1193 1756 1256 perteret
1768 1199 1778 1240 t
1789 1193 1841 1241 ter·

182 1271 266 1347 gii,
282 1290 310 1346 p.
326 1271 417 1345 eoos.
432 1272 511 1344 Quod
533 1274 624 1347 itaque
634 1274 768 1349 pracipne
787 1273 867 1331 nobis
890 1282 986 1346 optan·
1037 1271 1102 1327 dem
1115 1269 1340 1351 Clodiusdiiinus
1358 1274 1462 1333 tultam
1479 1278 1506 1333 irs
1519 1277 1657 1334 accidendo
1678 1275 1841 1335 Pertinacem

177 1367 244 1425 durn
256 1377 333 1437 erat,
349 1366 376 1424 id
399 1362 538 1448 corrsecuti
549 1384 654 1427 sumus.
669 1368 756 1426 Reum
772 1367 903 1425 iubemus
914 1381 983 1424 con·
1035 1365 1140 1434 somus,
1156 1367 1200 1437 qui
1218 1384 1246 1423 se
1257 1368 1283 1423 in
1309 1367 1395 1426 detor
1412 1370 1538 1427 Cererem
1556 1375 1675 1445 permut,
1687 1372 1838 1429 rasataim.

180 1460 314 1519 ductilem.
326 1458 403 1532 erod
417 1464 439 1518 si
453 1477 508 1518 non
523 1462 637 1519 multum
651 1469 780 1535 provecto
793 1459 921 1520 sdtsttt
933 1460 983 1517 inr-
1033 1453 1138 1515 Idcirco
1158 1456 1261 1517 Numen
1276 1460 1406 1531 noluisse,
1433 1471 1462 1520 ut
1485 1465 1603 1536 quietem
1629 1465 1733 1536 imperii
1748 1463 1841 1522 tuot-

179 1556 258 1628 perio
271 1554 398 1613 Clemens
424 1556 534 1628 scripsit
544 1599 553 1624 ,
565 1557 666 1614 erroris
687 1571 748 1614 esse
770 1571 848 1625 reos,
861 1556 906 1629 qui
920 1563 983 1613 ante
1034 1547 1104 1607 NiJS
1118 1549 1259 1621 turbaret,
1281 1552 1340 1624 aii,
1364 1554 1436 1626 qdod
1459 1554 1485 1611 in
1499 1555 1668 1613 Christianos
1681 1554 1840 1615 SEVERUS

148 1634 154 1643 ’
182 1660 210 1704 a.
222 1644 297 1704 CCil.
309 1648 480 1704 uexationem
501 1649 617 1721 coepisse
631 1648 847 1705 Christianorum
863 1656 980 1720 negant,
1034 1639 1130 1701 inisset
1141 1642 1266 1715 injurius.
1282 1645 1413 1718 Equidem
1434 1662 1486 1704 non
1507 1651 1530 1703 ls
1552 1663 1611 1705 sum
1623 1690 1631 1716 ,
1644 1649 1690 1720 qui
1712 1647 1839 1707 Orosiom

179 1739 347 1811 exploratum
358 1749 410 1795 est.
422 1738 517 1796 Codes
528 1741 601 1796 enim
616 1756 648 1796 ac
658 1740 788 1812 supplicia
800 1738 984 1797 iratrumseri·
1034 1750 1141 1795 summa
1156 1738 1208 1797 lide
1222 1740 1380 1813 scriptorem
1391 1755 1452 1799 este
1464 1750 1566 1814 putem.
1578 1741 1671 1814 Neque
1681 1742 1763 1799 etiam
1772 1757 1833 1800 om·

178 1830 253 1889 benti
267 1833 303 1891 ob
318 1831 413 1890 oeulos
425 1834 546 1907 qrtotidie
559 1835 746 1891 versabantur.
761 1834 875 1907 Estque
890 1833 981 1890 dicat:
999 1856 1024 1918 B
1039 1830 1084 1885 nia
1096 1872 1104 1899 ‚
1118 1845 1180 1903 quite
1191 1830 1235 1889 iric
1246 1842 1357 1901 narrat,
1372 1849 1431 1891 mea
1446 1833 1526 1891 lucio.
1539 1833 1648 1892 Testem
1662 1834 1721 1908 ejus
1735 1842 1839 1894 tarrtum

179 1931 986 2001 spiriisplrrmpapriporrrspuileniremimpendebamus
1037 1922 1205 2011 meconio,
1226 1923 1299 1996 quoti
1313 1939 1364 1983 8ὓο
1386 1935 1510 2000 [emporii
1523 1928 1631 2001 opinio,
1646 1943 1728 2001 quain
1741 1940 1837 2002 ideoi',

179 2028 245 2091 iprae
257 2028 422 2092 θεωρούμενοι,
446 2030 648 2093 mafmopiraa,
663 2026 924 2093 ἀναηιιδυλιυομίιιιι,
940 2028 984 2087 τὸς
1036 2014 1218 2073 θθῐΠΙῐΙῑΙΙΙῙῑθΓ
1229 2027 1336 2091 recepta
1345 2016 1435 2075 inerit.
1446 2018 1474 2077 Si
1486 2034 1538 2092 quo
1549 2021 1615 2078 ludes
1628 2022 1837 2092 narrationibus,

177 2119 280 2185 eaesae
292 2118 485 2183 eernprrptmr
505 2113 678 2186 (stromatum
693 2110 825 2168 Librati.
841 2112 982 2186 p.llll.):
1035 2122 1103 2181 uuas
1128 2123 1144 2166 a
1166 2109 1315 2181 majoribus
1338 2110 1450 2169 traditas
1473 2114 1647 2186 accepimus,
1664 2114 1728 2173 husie
1740 2117 1836 2186 etiam,

178 2199 264 2260 Nobis
276 2215 361 2259 autem
373 2215 432 2260 sont
445 2204 558 2275 quotidie
580 2204 753 2262 redundantes
767 2217 909 2279 martyrum
921 2205 981 2277 som·
1034 2201 1100 2274 quin
1112 2201 1200 2272 aligera
1214 2196 1275 2260 esse
1289 2190 1397 2271 debeat,
1410 2194 1499 2262 rinttns
1508 2204 1650 2263 dubitabit.
1667 2206 1835 2279 Abiecissettt

177 2304 235 2363 tes,
251 2297 293 2367 qai
306 2296 398 2354 rostris
412 2308 561 2369 spectantur
575 2299 674 2367 oculis,
690 2299 734 2367 noi
757 2308 901 2367 torremur,
927 2310 981 2357 mr.
1034 2284 1159 2367 protinus
1171 2295 1324 2360 bominem,
1339 2295 1419 2367 cuius
1433 2295 1575 2354 manifesta
1590 2298 1670 2354 nimis
1682 2296 1777 2356 inisset
1790 2313 1838 2356 sn·

176 2399 291 2458 queritur
304 2397 327 2444 et
337 2391 420 2463 cupite
432 2400 595 2447 truncentur.
609 2390 801 2463 Respondeant
814 2390 869 2461 iric,
885 2391 982 2463 quibus
1034 2387 1178 2459 perstitio,
1193 2387 1216 2444 si
1239 2389 1361 2446 omnium
1383 2387 1494 2446 omniuo
1506 2390 1657 2460 bellomm,
1672 2391 1753 2469 etiam
1774 2407 1837 2449 cum

180 2479 317 2539 Dodmoili
344 2478 479 2555 praecepta
509 2483 586 2556 sequi
615 2483 763 2556 gloriosum
798 2484 924 2553 ducitur,
949 2499 982 2542 ae
1032 2476 1142 2535 iuliano
1169 2489 1197 2537 et
1220 2478 1305 2552 Nigro
1330 2488 1625 2553 gestorum,caussam
1653 2483 1784 2539 sevitiam
1808 2483 1836 2541 in

175 2582 241 2629 ante
250 2574 340 2630 omnia
354 2574 442 2632 uirum
455 2591 517 2633 enm
528 2591 559 2633 se
570 2576 628 2647 ipso
641 2577 795 2634 concilient.
810 2576 895 2645 Fatis,
909 2576 980 2649 quod
1032 2570 1203 2628 christianos
1217 2572 1339 2629 dixisset.
1354 2572 1414 2630 iam
1428 2589 1482 2631 ooo
1498 2590 1607 2647 prorsus
1620 2575 1756 2649 despicio,
1769 2592 1837 2650 ιιιιο·

177 2670 254 2742 pueri
281 2682 404 2739 norunt,
432 2686 464 2730 ea
483 2683 582 2739 nocte,
610 2687 671 2744 quum
698 2687 783 2728 annos
813 2671 916 2731 cxcii.
934 2666 980 2730 'rt
1030 2665 1104 2722 niam
1130 2665 1282 2740 religiosius
1296 2668 1430 2737 instituit,
1446 2683 1497 2726 nee
1511 2668 1545 2725 de
1564 2670 1702 2743 suppliciis
1722 2669 1835 2728 fratrum

175 2759 290 2820 CXClii.
315 2762 486 2838 sejungebnt,
506 2745 637 2822 satisfecit
660 2764 856 2824 COMMODUS.
885 2766 978 2839 Serip·
1030 2775 1140 2833 semper
1165 2761 1301 2831 somniat,
1335 2776 1397 2818 eum
1421 2760 1493 2819 bello
1514 2763 1608 2820 orbern
1630 2773 1763 2821 terrarum
1786 2762 1837 2820 da·

174 2855 242 2912 serit
267 2854 396 2914 Clemens
432 2858 547 2928 priimum
580 2872 658 2915 suurn
686 2858 784 2915 librum
805 2860 890 2916 tribus
918 2868 980 2931 post
1030 2869 1124 2927 grasse
1138 2854 1297 2928 intelligis·
1383 2912 1389 2921 ,

174 2956 292 3006 mortem
306 2947 366 3020 ejus
388 2949 478 3016 antris,
494 2965 521 3004 a.
535 2948 638 3007 CXCV.
650 2950 856 3009 intercesserint
868 2953 977 3020 iterum,
1066 2946 1151 3022 §ili
1164 2946 1277 3018 -Qne
1299 2948 1442 3024 bucusque
1465 2948 1601 3020 disserui,
1624 2956 1699 3007 tanta
1722 2949 1833 3022 praedita

173 3038 284 3112 idquod
298 3048 388 3097 mmen
411 3040 481 3097 baud
496 3042 643 3100 uerisimile
657 3051 716 3111 est,
739 3044 793 3122 duo
807 3058 892 3115 prope
912 3044 976 3102 anni
1028 3055 1091 3097 esse
1104 3041 1222 3098 arbitror
1246 3043 1438 3116 perspicuitate
1459 3058 1492 3101 ac
1514 3041 1673 3112 euidentia,
1700 3051 1730 3098 ut
1755 3044 1781 3098 in
1803 3056 1835 3101 ro

174 3131 247 3190 inter
267 3132 385 3205 primurn
414 3141 442 3191 et
473 3133 622 3191 secondum
650 3135 811 3192 stromatum
838 3135 976 3192 uolumen.
1029 3132 1118 3203 ipsum
1133 3133 1242 3205 iniquus
1254 3135 1360 3193 iuturus
1372 3136 1424 3203 sit,
1439 3134 1485 3209 qui
1495 3132 1639 3192 contrariis
1652 3135 1678 3190 in
1694 3143 1832 3207 posterum

173 3221 432 3299 iiiirilorninns,j.nm
450 3243 476 3282 a.
493 3225 619 3283 cxcvtt.
640 3226 779 3298 pulchram
807 3216 1014 3284 AlexandriasC
1031 3223 1152 3293 partibus
1165 3239 1196 3280 se
1209 3225 1379 3298 adjungeret.
1394 3225 1423 3284 st
1438 3242 1483 3284 res
1497 3227 1535 3284 ita
1559 3225 1723 3298 postularet,
1748 3228 1829 3299 longo
1862 3216 1866 3225 ⁴

173 3308 422 3376 eorum'rnrmitem
446 3320 633 3384 inveniemus,
656 3333 717 3390 qun
732 3321 784 3377 tuoe
807 3310 981 3389 inspectante
1029 3315 1108 3389 plura
1132 3318 1280 3389 potuissem
1310 3317 1452 3390 proierie;
1474 3334 1553 3391 qun,
1568 3333 1631 3375 cnm
1658 3316 1832 3376 nullomodo

172 3419 315 3467 amenum
327 3425 375 3482 pro
387 3398 599 3468 ssdvttotttt
610 3419 726 3468 mortem
739 3410 911 3483 opperierint.
927 3410 978 3468 liic
1030 3408 1148 3483 flagitet,
1174 3411 1241 3468 mibi
1268 3411 1297 3468 in
1311 3411 1384 3467 aliud
1409 3422 1515 3483 tempus
1540 3427 1661 3469 reservo.
1675 3410 1772 3468 Omnia
1786 3411 1828 3468 sic

173 3515 245 3560 sero
270 3516 381 3559 acrrmcn
404 3503 513 3560 baronii
545 3503 637 3560 mirari
666 3502 764 3571 liceat,
786 3503 832 3576 qui
860 3502 895 3559 ob
920 3502 978 3560 baec
1029 3502 1222 3576 cadunt,'quae
1241 3518 1294 3560 non
1309 3505 1369 3560 sine
1388 3503 1488 3561 sudore
1510 3503 1621 3559 tumtun
1644 3517 1694 3575 pro
1720 3504 1832 3561 rationi·

172 3593 324 3654 Clementis
342 3595 424 3653 uerba
443 3595 528 3653 libros
548 3596 607 3668 ejus
626 3604 688 3668 post
708 3593 842 3651 decimum
852 3592 978 3651 sevum
1029 3594 1080 3652 bus
1094 3598 1150 3653 suis
1177 3595 1293 3654 celebris
1309 3596 1464 3654 bodwettus
1487 3595 1658 3668 excogitauit.
1674 3595 1830 3673 teorot-

172 3703 275 3747 annum
288 3691 458 3762 conscriptos
470 3689 552 3747 luisse
566 3696 715 3746 asseverat.
731 3687 867 3756 Coetmom,
889 3688 978 3760 inquit
1028 3686 1159 3746 ernnust
1175 3689 1264 3760 primo
1278 3687 1356 3746 nobis
1369 3688 1414 3747 iiie
1425 3687 1531 3759 eripere
1543 3698 1667 3745 conatur.
1690 3688 1828 3746 intellexit

173 3786 294 3859 (damni,
314 3786 386 3843 Torta.
411 3784 455 3842 tl.
470 3786 504 3841 od
523 3803 550 3842 a.
566 3783 689 3842 cxcvi.
704 3801 731 3841 m.
752 3781 848 3840 xxlt.
864 3800 892 3853 p.
911 3781 976 3854 2¹18,
1028 3779 1103 3838 enirn
1127 3779 1154 3836 in
1169 3779 1363 3854 Apologeticom
1376 3779 1540 3839 sotnntltt
1562 3794 1656 3838 eorum
1682 3778 1829 3839 excludere

171 3875 261 3947 iiii.
273 3894 333 3934 caat
342 3887 440 3934 constet
452 3879 490 3933 'in
499 3877 563 3950 ipris
575 3875 735 3933 Strommum
750 3874 823 3932 libris
846 3873 978 3932 declinis·
1028 3887 1154 3941 numero,
1170 3873 1215 3944 qui
1230 3872 1362 3930 uiolentas
1376 3871 1538 3929 Clrristiaois
1549 3888 1645 3929 manns
1656 3873 1826 3940 intulissent;

56 4032 60 4039 ,
172 3970 302 4026 ommam
322 3971 496 4043 persecutione
520 3979 581 4026 tam
603 3969 703 4042 uigente
728 3968 879 4024 mentionem
899 3967 976 4038 fieri,
1027 3967 1099 4033 etsi,
1125 3982 1186 4039 que
1201 3981 1252 4023 nos
1274 3967 1463 4033 excussimus,
1490 3965 1604 4023 illustria
1619 3968 1700 4040 plane
1714 3966 1773 4024 loca
1792 3981 1828 4025 ne

171 4060 307 4132 affirmare
329 4077 431 4118 morene
454 4071 507 4127 est,
529 4062 616 4135 iprum
626 4072 628 4077 ’
640 4068 697 4133 port
726 4075 822 4115 aunum
850 4059 975 4115 decimum
1028 4067 1120 4133 tangat
1132 4059 1254 4133 quidem.
1266 4059 1335 4130 Quid
1348 4073 1413 4115 sero
1423 4059 1522 4116 exinde
1536 4074 1598 4115 enm
1612 4060 1741 4131 colligere
1753 4061 1827 4117 exis·

172 4150 315 4211 solnm
339 4155 482 4226 scripsisse.
507 4154 649 4228 indignum
675 4153 818 4210 Annalium
842 4152 976 4225 scriptore
1028 4150 1212 4208 timasiiide
1236 4161 1265 4208 et
1288 4151 1399 4208 mirare.
1428 4149 1541 4207 Decreta
1570 4150 1743 4223 imperatoris
1769 4159 1826 4208 tum

169 4245 301 4319 iodicium
313 4249 321 4303 t
332 4246 506 4304 Obliviscimr
519 4247 561 4303 rm
575 4246 774 4305 illustrissimus
786 4260 898 4314 eorum,
914 4259 975 4318 qim
1026 4243 1136 4315 quidem
1147 4240 1203 4313 iam
1215 4250 1318 4314 rogata,
1332 4239 1379 4298 sed
1394 4241 1479 4297 ineas
1493 4248 1602 4311 partes,
1615 4242 1661 4298 ubi
1671 4240 1827 4301 cuntot·

171 4356 236 4400 tnox
259 4346 318 4416 ipse
332 4339 492 4400 defensuros
514 4350 590 4410 erat,
604 4340 659 4413 jam
692 4354 718 4395 a.
739 4337 876 4396 cuntot.
893 4337 974 4394 Plau·
1026 4331 1152 4392 LidNUS
1165 4334 1290 4406 degebat,
1307 4334 1409 4405 perlata
1419 4348 1474 4389 non
1499 4332 1583 4390 rrum
1596 4332 1680 4407 (ilias.
1696 4334 1822 4408 Gppriou.

172 4438 246 4495 tiano
269 4424 425 4509 instigante,
440 4434 600 4492 Christianis
625 4420 736 4507 injurias
760 4432 844 4489 lusisse
866 4431 971 4497 illatas,
1025 4423 1080 4482 Xi.
1102 4424 1117 4497 g
1141 4424 1188 4484 li.
1212 4445 1239 4498 p.
1267 4424 1338 4492 ddi.
1366 4423 1573 4499 Magnitudinem
1596 4423 1722 4482 uidelicet
1744 4424 1826 4481 mise·

169 4542 227 4601 quo
236 4528 345 4586 nomino
356 4518 491 4601 duplicem
505 4526 789 4585 committiterrorem.
799 4523 973 4581 decentiores
1024 4520 1127 4575 riarum
1139 4514 1290 4573 diminuere
1302 4517 1427 4575 omnibus
1437 4516 1540 4574 uiribus
1549 4524 1672 4573 eonator.
1685 4514 1824 4588 Frigidum

170 4620 240 4681 mett
252 4610 288 4680 et'
294 4621 509 4679 Christianorum
522 4616 664 4685 miserias,
679 4633 759 4692 quam
774 4618 832 4688 ipse
847 4602 972 4687 putabat,
985 4580 1091 4667 1'uero
1100 4611 1234 4667 somnium
1246 4611 1254 4665 l
1268 4611 1342 4681 quod
1356 4608 1480 4668 fortassis
1501 4609 1581 4665 neiis
1595 4605 1704 4680 quidem
1717 4605 1824 4664 arride·

169 4698 653 4785 etttementisttomsmu'ammmm
668 4708 935 4784 permittitoonditio.
1024 4704 1074 4772 bit,
1102 4703 1148 4776 qui
1171 4702 1287 4760 Romani
1311 4701 1417 4774 imperii
1442 4709 1542 4759 emtum
1563 4699 1696 4772 ignorant.
1721 4699 1823 4763 Aenon

207 4803 236 4880 ς.
251 4803 335 4863 ii-
356 4803 454 4863 Nescio
480 4819 515 4860 au
530 4803 571 4859 bis
592 4801 654 4859 addi
669 4811 823 4868 mereatur,
839 4799 874 4856 ita
902 4798 973 4855 anti·
1024 4797 1115 4857 minos
1142 4797 1168 4853 in
1189 4793 1359 4867 explodendo
1390 4808 1424 4851 eo
1457 4791 1568 4865 lrigidos
1590 4791 1737 4848 iiuinartns
1763 4800 1823 4861 est,

162 4900 262 4975 ‘quitus
283 4900 338 4973 iam
364 4898 449 4957 luisse
470 4896 619 4965 creditum,
645 4895 745 4953 dudum
769 4905 832 4952 ante
856 4910 882 4950 a.
896 4892 972 4952 (lcii.
1024 4892 1070 4964 qui
1083 4933 1091 4960 ,
1104 4892 1127 4947 si
1141 4905 1195 4962 quo
1215 4889 1295 4957 loco,
1322 4887 1366 4944 iric
1382 4897 1437 4943 tom
1459 4886 1530 4945 inter
1542 4886 1619 4944 nives
1636 4885 1747 4958 gallicas
1759 4901 1823 4944 rer·

168 4988 341 5053 Christhnos
355 4994 408 5050 snb
420 4991 560 5051 SEVERO
572 4990 721 5063 exagitatos
734 4988 839 5047 luisset
850 4988 901 5059 Qui
916 5002 974 5043 ma·
1023 4992 1099 5039 satos
1113 4982 1196 5040 inisse
1217 4980 1322 5037 ridetur
1346 4978 1442 5053 (Prot.
1467 4980 1502 5034 nd
1514 4979 1578 5035 Aeto
1597 4977 1678 5036 Hert.
1693 4979 1764 5037 Sect.
1777 4978 1822 5035 ll.

165 5088 259 5161 iorum
272 5086 462 5145 traditionibus
478 5101 531 5143 non
545 5098 656 5142 omnem
669 5081 781 5139 demunt
791 5081 887 5149 tidem,
902 5080 973 5137 hanc
1024 5073 1040 5149 5
1067 5074 1114 5144 tt,
1142 5074 1189 5142 ttt,
1207 5093 1234 5148 p.
1258 5072 1303 5140 ld,
1321 5070 1375 5144 (3.).
1385 5071 1463 5129 Locis
1475 5072 1634 5161 quibusdam
1650 5071 1825 5129 tumultuarie

168 5182 226 5245 soa
248 5184 357 5257 penitus
379 5181 597 5239 obseruationem
625 5183 765 5250 spernent.
788 5174 899 5232 Paulum
924 5173 974 5246 igi·
1023 5170 1188 5226 coacervatis
1204 5167 1283 5240 iunge
1305 5168 1413 5238 lateque
1426 5173 1566 5222 extensam
1594 5162 1678 5222 iuiss'e
1692 5179 1823 5237 persecu·

168 5270 365 5345 moenitum,
380 5276 466 5350 quinti
494 5273 584 5331 seculi
609 5272 789 5343 scriptorem,
805 5267 972 5340 producam,
1023 5262 1126 5319 tionem
1139 5260 1228 5318 docet.
1244 5259 1314 5331 Quid
1336 5272 1400 5316 vero
1414 5259 1465 5314 troc
1476 5256 1512 5314 ad
1532 5257 1668 5314 oodwetti
1681 5255 1821 5330 argutiasl

167 5364 235 5444 riui,
249 5380 394 5445 antequam
419 5365 566 5426 stomts
587 5356 631 5424 res
655 5378 740 5422 noras
764 5359 921 5429 moliretur,
943 5374 970 5415 a.
1023 5354 1070 5427 qut
1098 5367 1153 5409 non
1177 5353 1230 5410 tuoe
1254 5351 1386 5425 negabat,
1408 5349 1458 5406 sed
1480 5362 1535 5406 non
1556 5357 1611 5405 tarn
1639 5348 1771 5407 immanes
1795 5348 1824 5407 in

168 5456 313 5522 ιἰἰίἱιιιιιιι
340 5462 457 5532 cxctt,
481 5458 599 5534 'grauem
622 5455 788 5517 solentino
809 5453 971 5512 Christianis
1023 5444 1151 5503 omnibus
1164 5445 1313 5519 provinciis
1331 5442 1415 5502 luisse
1432 5450 1517 5501 ausus
1530 5442 1688 5512 contendit,
1705 5444 1824 5515 eorum

168 5534 255 5615 tdrs'r
275 5553 358 5613 tradit
379 5552 542 5627 (Historias.
565 5551 643 5608 Libro
670 5547 738 5607 tlt.
769 5565 794 5606 c.
823 5544 921 5603 dlii.
942 5565 970 5618 p.
1023 5540 1085 5598 iata.-
1099 5539 1133 5597 ab
1145 5541 1308 5611 imperatore
1321 5537 1541 5612 legesadomnes
1553 5554 1608 5596 non
1623 5538 1823 5612 peruenissent.

167 5642 234 5707 8⁸2
248 5636 371 5722 arpenn
387 5646 469 5704 tots.
480 5645 534 5715 8.).
550 5643 638 5701 Verba
661 5644 886 5711 uersumque
905 5637 973 5695 Tre·
1022 5634 1051 5692 st
1067 5633 1130 5705 qrrid
1143 5633 1239 5704 rideo,
1264 5633 1363 5691 certius
1381 5633 1416 5691 ab
1434 5631 1485 5690 irae
1499 5632 1654 5692 detorsione
1667 5630 1825 5691 nemrot·

308 5737 486 5798 irexodensis
505 5735 716 5808 (chronieorum
740 5732 817 5791 Tam.
842 5728 887 5788 11.
912 5727 970 5786 dit.
1024 5725 1158 5787 ttsdtltt
1171 5727 1314 5785 uindcaui.
1327 5726 1448 5784 buoalia
1464 5725 1593 5800 deinceps
1611 5725 1768 5785 testimonia
1783 5733 1825 5783 at-

166 5826 214 5898 Π.
227 5830 386 5896 ΗΖΝ.
400 5850 428 5906 p.
442 5830 506 5893 488.
533 5830 576 5891 ed.
590 5828 686 5891 Germ.
706 5825 787 5889 tuot.
812 5822 905 5901 iub),
918 5840 973 5884 sn·
1023 5820 1088 5895 tuli,
1113 5837 1190 5896 quae,
1214 5820 1239 5883 si
1259 5821 1370 5891 omnia,
1393 5819 1421 5879 id
1438 5819 1510 5895 quod
1533 5819 1592 5880 deri
1614 5820 1697 5895 plane
1710 5814 1823 5894 uentris,
