4242 6259
195 1173 201 1184 ⁸
299 1183 349 1241 Dei
366 1178 468 1253 iudicio
490 1175 646 1250 punientur.
660 1170 784 1243 Scapulae
798 1183 874 1241 ergo,
896 1167 985 1238 inquit
1002 1174 1098 1221 auctor

294 324 349 384 Tld
812 311 847 372 ld
864 305 1098 371 TERTUIleNl
1116 302 1385 365 seosooeruust
1887 296 1945 360 Tib

294 448 382 507 liaoos
403 438 518 500 iuterilei
537 437 666 508 jusserat,
687 429 827 488 oculorum
850 428 953 486 lumine
972 427 1093 499 priuatus
1105 423 1133 486 Α
1145 424 1290 495 patiantur,
1314 419 1359 476 bie
1372 416 1588 476 tunereritatem
1609 413 1759 491 cognoscit,
1782 421 1812 474 et
1835 412 1944 473 illorum

295 552 348 598 est.
371 538 399 593 lo
412 529 578 606 Cappadocia
592 540 698 599 quoque
719 522 880 581 claudianus
903 521 1094 579 Herminianus
1144 514 1316 586 amplectitur
1330 512 1488 585 religionem
1499 510 1568 585 (cap.
1581 508 1623 583 l).

297 642 373 706 peste
389 625 579 695 vermibusque
591 617 782 678 ebullientibus
803 617 880 686 obiit,
904 615 1010 674 etiamsi
1032 629 1094 671 scra
1445 633 1591 687 mmm
1609 644 1639 686 Π.

293 724 377 828 nimis
408 716 564 824 poennfima
584 699 752 770 *christianus
768 725 852 816 ,ΡΨ
878 707 963 815 Qus
988 706 1093 815 fufffl
1147 743 1297 801 ostenditur
1318 742 1509 800 Tertullianum
1534 745 1614 816 bajus
1634 742 1693 800 tibi
1715 758 1770 800 etse
1792 721 1945 801 t'tttctoretn·

296 817 418 886 llertaque
429 811 553 869 Coectlttts
564 806 674 878 Capella
686 819 748 861 cum
764 821 793 858 ut
804 811 874 859 eotto
886 817 943 858 stre
956 812 1038 858 extuo
1047 799 1096 872 By·
1181 838 1272 909 quim
1304 836 1446 893 monim
1465 836 1500 892 ad
1519 833 1594 893 mm
1618 846 1675 907 pm
1697 787 1947 908 Ametinum

299 900 573 964 raatioocbristianis
588 893 932 954 insultandoexelarrtasset
948 890 1093 958 adeodate,
1182 929 1260 984 mm
1282 928 1316 984 ad
1334 927 1464 984 Nationes
1485 927 1611 984 edendum
1627 926 1755 1000 impulsus
1776 928 1874 998 [mm
1897 943 1948 999 ⁹¹¹⁰

295 997 469 1071 impudentiae
483 990 704 1062 crudelitatisque
720 1003 776 1044 sue
791 984 990 1058 poenassoltlt.
1007 981 1035 1037 Si
1049 981 1095 1052 qui
1183 1031 1295 1092 tempore
1313 1022 1387 1077 mum
1405 1022 1544 1093 mim·
1565 1037 1596 1076 ac
1619 1019 1652 1076 de
1670 1018 1823 1091 quibudam
1840 1019 1948 1076 mm

296 1105 362 1148 tero
383 1084 517 1161 eiusmodi
541 1082 671 1156 presides
695 1081 804 1151 impune
822 1084 976 1143 eraserunt,
1001 1074 1096 1130 ultimo
1183 1114 1377 1186 mmmm
1401 1130 1432 1169 ac
1452 1113 1591 1187 msam,
1611 1113 1656 1186 (μή
1681 1121 1726 1168 w
1748 1112 1879 1168 mn„
1901 1121 1949 1169 m

298 1282 401 1338 noster,
411 1271 473 1328 ideo
485 1277 544 1328 erat
563 1266 731 1333 timendum,
745 1262 807 1335 quia
821 1259 1024 1318 Adrumeticum
1039 1257 1096 1314 lla·
1183 1217 1268 1263 ''um‘'
1280 1223 1339 1262 mm
1351 1205 1503 1264 mmmm
1517 1216 1633 1280 ‘mm'

300 1369 392 1426 nillum
402 1366 552 1438 paniosate
565 1360 629 1419 iilud
638 1358 751 1416 exitium
759 1354 937 1429 Byzantiorum
950 1351 984 1408 ad
997 1349 1097 1408 bestias
1184 1340 1285 1398 Omnes
1302 1357 1400 1413 magno
1413 1356 1480 1399 sane
1501 1342 1673 1415 unanimique
1683 1357 1816 1401 manento
1829 1341 1948 1401 raimone

299 1463 475 1523 damnaverat
487 1457 558 1535 (cop.
574 1453 614 1528 d).
1148 1432 1343 1494 Tertullianum
1352 1434 1432 1507 hujus
1443 1433 1504 1491 libri
1513 1450 1606 1492 rerum
1616 1450 1677 1492 esse
1686 1444 1835 1507 parentem.
1847 1434 1948 1508 Ecquis

334 1556 508 1615 seriatamen
521 1547 824 1607 iltrimadmooetbeea
837 1556 868 1598 se
890 1536 1097 1595 commemorari
1148 1541 1214 1586 vcro
1237 1526 1265 1583 id
1284 1542 1384 1600 urgere
1406 1527 1514 1595 audeat,
1542 1527 1615 1600 quod
1637 1527 1750 1599 ipsemet
1774 1528 1852 1596 liber,
1876 1536 1950 1586 totus
2044 1531 2064 1560 ·

273 1698 276 1705 .
301 1663 356 1708 non
368 1655 508 1719 propterea
519 1640 627 1714 quidem
642 1635 714 1708 quod
723 1637 781 1707 ipse
793 1630 894 1704 aliquid
907 1628 1043 1698 iermidet,
1052 1637 1099 1683 aut
1149 1629 1266 1691 quanurs
1280 1628 1333 1683 est.
1345 1618 1433 1691 palam
1443 1618 1607 1675 attestatur?
1619 1616 1686 1676 Nam
1699 1619 1770 1676 idem
1784 1620 1812 1675 in
1825 1628 1950 1691 eoasque

301 1749 333 1799 ut
346 1738 471 1797 eumdem
491 1732 634 1805 Scapulam
649 1736 749 1786 terreat
763 1744 771 1794 ;
786 1724 835 1782 sed
850 1722 913 1795 quia
926 1721 982 1777 rub
1003 1731 1099 1777 ornnes
1150 1710 1178 1767 iu
1195 1711 1361 1782 dpotogetieo
1384 1711 1460 1768 aad
1485 1710 1610 1768 Nationes
1628 1711 1705 1769 libris
1727 1711 1835 1769 dicendi
1854 1726 1948 1786 genus,

301 1832 391 1894 „ppos
425 1829 495 1889 pepp,
529 1827 698 1897 Quapropter
736 1818 810 1876 tolum
853 1814 1035 1882 adportatur,
1071 1801 1253 1884 orpeedem
1267 1801 1415 1872 peculiares
1436 1816 1469 1859 ac
1488 1802 1656 1859 Tertulliano
1675 1803 1794 1875 propriae
1807 1802 1950 1872 dictiones,

301 1941 405 1986 morem
418 1931 494 1997 gerat
505 1919 618 1993 legibus,
630 1929 691 1988 que
705 1911 807 1970 nullum
822 1923 910 1975 reum,
924 1907 975 1964 nisi
986 1905 1099 1962 crimina
1152 1892 1246 1948 eodem
1261 1893 1342 1950 verba
1356 1893 1514 1966 delubri&
1529 1893 1632 1952 effidem
1646 1895 1806 1968 plerumque
1818 1895 1846 1952 lu
1858 1892 1951 1952 Ciuis·

302 2018 466 2084 eoolessum,
482 2023 529 2070 aut
546 2025 639 2068 eorum
654 2006 806 2064 conuictum
823 2000 903 2074 plecti
927 1996 1098 2069 precipiunt.
1152 1986 1285 2043 tianorum
1299 1986 1430 2044 aduersus
1440 1987 1566 2045 ethnicos
1577 1987 1763 2045 detonsionem
1774 1998 1948 2062 argunmnta-

304 2109 437 2180 Exempla
446 2105 543 2163 deinde
556 2106 582 2161 ei
598 2100 725 2174 proponit
737 2095 820 2154 Cincii
836 2091 941 2158 Seueri,
956 2088 1100 2160 Vesprooii
1151 2081 1250 2139 tiones.
1263 2080 1498 2149 Quemadmodum
1510 2083 1590 2140 etiam
1606 2083 1789 2155 apologeticas
1805 2083 1901 2140 etlibri
1918 2083 1953 2140 aa
1965 2147 1978 2160 ‚

301 2199 426 2266 Candidi,
438 2196 546 2269 Asperi,
557 2192 697 2261 Pudentis,
708 2188 754 2262 qui
768 2180 1102 2243 innocerrtescbristianos
1153 2172 1280 2231 Nationes
1289 2185 1337 2232 aut
1350 2175 1477 2232 omnibus
1489 2175 1607 2233 etbnicis
1620 2185 1667 2232 aut
1680 2191 1774 2232 eorum
1796 2176 1953 2248 presidibus

303 2293 484 2350 cortdeuanare
497 2288 649 2344 noluerent.
660 2277 803 2351 Quomodo
816 2283 906 2333 aurem
920 2274 970 2330 bos
983 2271 1102 2328 imitare-
1153 2266 1230 2321 missi
1244 2277 1316 2333 sunt,
1329 2268 1366 2323 ita
1389 2266 1469 2339 plane
1481 2277 1589 2324 constat
1611 2268 1684 2325 lruuc
1705 2269 1802 2326 librum
1821 2268 1954 2326 directum

305 2394 359 2452 tur,
370 2395 513 2455 suggerere
527 2379 552 2435 ei
565 2385 690 2450 poterant
703 2371 835 2437 aduocati,
849 2368 947 2442 quibus
956 2364 1102 2424 Christiani
1153 2356 1700 2433 luisseSctpulre,Cartbaginistotiosqbe
1711 2361 1808 2418 birine
1817 2361 1954 2433 prnieuo,

304 2493 358 2536 nun
375 2476 484 2531 minima
497 2486 563 2528 sane
580 2466 711 2525 beneficia
730 2462 913 2521 contulerant.
932 2458 992 2516 Nun
1014 2457 1102 2515 solum
1153 2465 1234 2523 quent
1251 2450 1433 2509 Tertullianus
1455 2468 1470 2507 a
1491 2451 1653 2510 Christianis
1672 2453 1751 2525 plane
1770 2453 1956 2511 innocentibus

304 2572 377 2629 euim
392 2571 529 2640 eiecerant
541 2561 673 2621 damonia
685 2575 719 2616 ex
738 2558 847 2614 illorum
868 2553 985 2620 nobrio,
1008 2550 1103 2609 etalio
1154 2544 1311 2615 torquendis
1324 2555 1352 2601 et
1362 2544 1530 2601 trucidandis
1541 2561 1657 2603 avocare
1671 2555 1783 2603 cenatus
1796 2556 1850 2603 est.

305 2655 563 2735 enrumprbpioquo
580 2675 587 2711 ε
606 2655 654 2713 sed
675 2652 743 2709 alios
763 2651 846 2708 etiam
860 2646 964 2706 morbis
986 2642 1104 2702 afflictos
1190 2635 1245 2693 Sed
1265 2636 1329 2710 quid
1353 2636 1538 2704 Tertulliano.
1565 2639 1670 2709 inquiet
1693 2638 1806 2709 aliquis,
1839 2651 1957 2695 necesse

304 2754 464 2818 mirabiliter
477 2757 649 2809 sanaverant.
1154 2739 1213 2789 crat
1225 2731 1305 2787 aliam
1317 2731 1446 2787 adsersus
1455 2730 1571 2802 gentiles
1592 2742 1619 2787 et
1644 2746 1693 2802 pro
1707 2730 1867 2787 Christianis
1885 2745 1958 2801 prar-

341 2849 503 2918 Quinetiam
517 2845 635 2901 Severus
644 2842 803 2911 imperator,
815 2832 944 2891 Antonini
956 2831 1104 2889 cbristiano
1155 2830 1197 2880 ier
1209 2823 1406 2896 Apolopetieoot
1419 2832 1447 2880 et
1459 2822 1544 2880 libros
1560 2823 1594 2877 nd
1609 2820 1739 2880 Nationes
1751 2820 1959 2880 commentatio·

304 2939 375 2997 lacte
388 2938 494 2996 educati
505 2945 590 3007 pater,
603 2948 664 2989 cum
676 2930 740 2986 olim
751 2928 876 2984 similiter
890 2934 1001 2998 maratus
1012 2922 1106 2979 luisset
1156 2932 1220 2975 nem
1234 2930 1281 2974 aut
1293 2917 1391 2975 librum
1407 2916 1550 2973 seribere?
1564 2916 1707 2983 immanis,
1722 2915 1876 2987 inquimus,
1890 2915 1958 2972 Sce-

304 3032 376 3099 oleo,
389 3028 462 3104 quod
476 3026 606 3085 Proculus
618 3023 769 3096 Torpacion
783 3017 958 3086 christianus,
974 3014 1106 3073 Euhodiae
1156 3010 1245 3084 pule,
1265 3008 1362 3066 olrice
1382 3007 1516 3080 presidis,
1544 3008 1572 3064 iu
1587 3006 1754 3063 cirristianos
1766 3007 1869 3062 seritis
1884 3007 1958 3062 illurn

305 3134 472 3202 procurator.
484 3122 604 3187 dederat,
616 3135 669 3177 noti
683 3117 763 3174 modo
772 3130 833 3172 euna
846 3112 879 3170 ad
894 3119 1009 3168 mortem
1020 3122 1106 3181 usque
1157 3104 1191 3160 ad
1207 3103 1278 3160 bunc
1289 3117 1344 3160 non
1353 3101 1463 3173 quidem
1479 3099 1578 3157 bbrum
1591 3142 1599 3166 ,
1612 3099 1660 3156 sed
1672 3098 1957 3171 libellum-supplicem

305 3224 333 3282 in
349 3222 446 3295 palatio
460 3233 510 3277 suo
524 3212 696 3281 retinuit,retl
708 3210 864 3266 clarissimos
880 3207 997 3282 seminar
1011 3212 1035 3259 et
1047 3201 1104 3258 clo·
1118 3212 1141 3276 C
1157 3196 1327 3255 offerendum
1341 3182 1491 3266 'compulit
1506 3192 1634 3261 Quamuis
1653 3195 1725 3248 enim
1738 3192 1868 3256 Seuerus,
1883 3207 1956 3249 anno

305 3314 421 3371 dedatur
434 3311 517 3378 siros,
531 3306 685 3365 christiane
699 3302 837 3373 religionis
850 3298 942 3357 itidem
957 3304 1106 3354 sectatores
1156 3289 1258 3348 Christi
1279 3288 1331 3345 iss
1351 3288 1499 3358 imperator
1510 3284 1614 3353 iactus,
1626 3299 1674 3357 per
1687 3285 1789 3356 primos
1801 3281 1905 3356 imperii
1916 3284 1958 3342 sui

305 3419 443 3480 nunquam
475 3404 560 3467 laesit,
584 3398 736 3470 restititque
762 3393 862 3468 populo
887 3393 915 3448 io
937 3389 1107 3474 Christianos
1157 3396 1244 3439 annos
1267 3380 1389 3452 impone
1410 3378 1506 3435 laverit
1521 3375 1699 3444 Christianis;
1725 3387 1788 3450 post
1813 3365 1960 3435 dilaellatos

305 3502 394 3573 palam
403 3498 512 3556 furenti.
525 3494 631 3552 llarcus
645 3481 751 3565 quoque
765 3486 890 3545 Aurelius
903 3486 930 3541 iu
942 3482 1107 3542 Germanica
1158 3483 1249 3533 brnen
1273 3473 1414 3539 Cassium,
1433 3471 1544 3543 Nigrum
1558 3480 1586 3526 et
1599 3469 1725 3525 Albinum
1753 3485 1785 3527 ac
1798 3478 1860 3541 post
1881 3484 1959 3526 suum

307 3590 479 3661 expeditione
493 3586 620 3652 imbrem,
637 3581 766 3640 exercitui
779 3593 829 3635 suo
844 3576 952 3648 penitus
977 3586 1107 3632 neeessa-
1158 3568 1308 3625 solemnem
1321 3581 1394 3623 anuo
1409 3565 1460 3621 197
1484 3565 1511 3621 in
1541 3565 1636 3620 urbem
1655 3563 1768 3619 bonnam
1790 3564 1959 3636 ingressum,

307 3682 389 3751 rium,
404 3663 1108 3750 impetraritprecibuscbristianoruur,quietalios
1159 3663 1249 3720 animo
1262 3662 1340 3732 plaue
1353 3669 1471 3717 muetos
1492 3668 1544 3716 est.
1570 3657 1639 3713 Tum
1663 3658 1736 3714 enim
1760 3660 1819 3727 ipso
1842 3657 1960 3726 primam

308 3775 336 3835 in
349 3790 414 3833 casu
424 3774 504 3831 simili
518 3770 700 3827 obtinuerant.
902 3815 905 3821 ,
1159 3764 1313 3824 annuente,
1325 3763 1371 3810 aut
1390 3754 1485 3809 saltem
1514 3767 1566 3808 noo
1590 3751 1746 3824 probibente
1767 3747 1960 3805 recrudescere

316 3865 319 3874 ’
344 3868 413 3939 Quid
427 3880 491 3937 ergo
504 3862 721 3934 iniquius,quant
729 3857 825 3931 jubere
838 3853 1014 3921 Christianos,
1024 3849 1109 3928 sedu-
1160 3850 1241 3920 oepit
1256 3849 1314 3904 dira
1334 3849 1360 3904 io
1380 3845 1547 3904 Christianos
1566 3844 1725 3917 persecutio.
1748 3842 1842 3899 iratior
1860 3841 1960 3900 deinde

309 3962 363 4021 lant
374 3958 516 4020 uirtutibus
525 3953 649 4012 omnibus
662 3964 772 4022 operam
782 3956 923 4015 natarrtes,
936 3960 989 4001 noo
1004 3953 1109 4000 tarrturn
1161 3943 1264 4007 iactus,
1279 3956 1374 4009 novas,
1386 3955 1458 3996 antro
1471 3937 1537 4007 202,
1552 3939 1578 3993 in
1590 3951 1637 3994 eos
1649 3935 1769 4008 coadidit
1789 3934 1882 4006 leges,
1894 3949 1961 4007 qua·

309 4053 407 4128 gladio,
420 4045 646 4122 quemadmodum
668 4059 684 4101 a
699 4042 811 4116 legionis
823 4051 850 4097 et
860 4037 1027 4095 Mauritaniae
1041 4050 1111 4107 prte-
1160 4050 1220 4091 rutu
1233 4031 1409 4100 auctoritate,
1423 4030 1461 4085 ait
1481 4029 1632 4094 Eusebius,
1646 4026 1745 4096 ubique
1766 4025 1890 4082 locorum
1910 4039 1961 4096 per

310 4145 423 4214 sidibus,
435 4159 469 4200 ex
483 4152 603 4199 veterum
613 4139 702 4211 legum
714 4134 872 4208 prescripto
881 4130 965 4197 ieriri,
977 4128 1024 4186 sed
1035 4128 1111 4184 vitos
1161 4127 1298 4186 Ecclesiae
1322 4125 1479 4184 factesunt
1498 4122 1637 4195 martyria.
1653 4120 1771 4177 birieana
1794 4119 1885 4192 itaque
1905 4105 1959 4175 non

311 4241 392 4298 etiam
401 4234 542 4293 comburi?
554 4232 655 4290 Verum
671 4227 852 4286 Tertullianus
866 4223 955 4296 palam
970 4220 1111 4293 prolitetur
1161 4235 1241 4278 sectas
1255 4229 1334 4292 aque
1349 4219 1416 4277 alias
1432 4218 1583 4291 provincias
1597 4217 1620 4273 is
1633 4214 1828 4273 crudelissimae
1838 4214 1958 4271 iteratio·

312 4330 509 4404 hecsnpplicia
520 4320 797 4393 acbristiaoismagis
810 4317 994 4390 optari,quam
1009 4310 1110 4368 timeri.
1161 4314 1205 4371 nis
1225 4321 1308 4369 aesrus
1320 4311 1448 4383 depastus
1467 4319 1509 4367 est
1522 4307 1630 4382 (limes,
1644 4307 1690 4365 tto.
1706 4307 1750 4364 vl,
1773 4307 1862 4363 eabe,
1887 4304 1958 4363 nter,

311 4423 378 4482 Carni
388 4423 461 4481 eoirn
473 4420 567 4478 Arrius
580 4417 732 4473 Antoninus
746 4414 773 4468 iu
784 4425 832 4468 eos
846 4407 983 4467 crudelius
992 4403 1110 4469 saeuiret,
1162 4424 1222 4479 cap.
1234 4407 1263 4462 ξ.
1284 4423 1343 4479 pap.
1356 4406 1421 4463 201.
1444 4403 1599 4476 Hieroapm.
1614 4400 1733 4474 Cutolog.
1758 4402 1878 4472 scriptor.
1894 4399 1957 4455 eccl.

311 4519 440 4576 omnibus
452 4517 480 4573 in
494 4515 565 4572 deice
578 4512 688 4571 ciuitate
714 4523 776 4567 sese
794 4506 832 4563 iili
846 4506 917 4562 ultro
935 4498 1111 4566 offerentibus
1164 4499 1179 4575 q
1197 4500 1242 4557 bt.
1254 4516 1313 4572 pap.
1329 4499 1403 4570 tls),
1957 4497 1960 4504 a

312 4610 452 4684 respondit
465 4627 472 4665 :
484 4607 516 4665 st
529 4605 606 4662 ontis
619 4604 714 4677 perire,
727 4597 871 4673 precipitio
883 4605 928 4651 tot
941 4597 1015 4667 fouet
1030 4587 1151 4668 bede-1)
1201 4593 1380 4651 Tertullianus
1392 4605 1457 4648 rere
1475 4590 1509 4648 de
1520 4588 1734 4647 Christianorum
1750 4589 1837 4644 salute
1855 4598 1962 4657 semper

313 4705 355 4761 lit.
364 4701 436 4772 Quid
445 4700 526 4772 igilur
538 4694 653 4768 scapulo
665 4692 747 4749 faciei
760 4687 907 4754 illnllliiefls
918 4680 1112 4758 propemodum
1166 4689 1296 4747 sollicitus
1308 4730 1316 4756 ‚
1337 4697 1401 4743 qqqg
1421 4685 1499 4742 daug
1523 4685 1604 4741 1125oe
1621 4683 1695 4756 leggg
1723 4682 1915 4755 Applpqup'pgpp
1934 4688 1963 4758 q

313 4795 466 4854 christianis
475 4786 735 4862 carthaginensibus,
751 4782 815 4856 quid
829 4781 869 4837 sui
883 4779 984 4836 ordinis
995 4773 1112 4833 bonrini·
1166 4783 1249 4840 poros
1272 4781 1307 4836 ao
1328 4779 1474 4846 Nationes,
1500 4778 1571 4834 sient
1595 4776 1730 4844 diximus,
1755 4775 1961 4848 divulgaverat,

313 4887 375 4955 bus,
390 4887 455 4960 quid
470 4885 629 4958 propinquis
643 4890 673 4938 et
687 4877 792 4945 amicis,
808 4876 853 4947 qui
867 4882 964 4946 sponte
978 4884 1026 4926 sua
1051 4881 1113 4923 sese
1163 4889 1278 4946 quorum
1302 4872 1417 4929 lectione
1445 4873 1520 4928 luror
1550 4868 1691 4942 gentilium
1716 4868 1742 4924 io
1774 4867 1961 4936 Christianos,

314 4980 352 5039 tili
364 4978 501 5039 nemrtdos
513 4974 650 5034 offerenti
664 4970 845 5042 Quamobrem
859 4965 934 5022 iilum
949 4963 1072 5019 bortatur
1085 4969 1113 5015 ut
1163 4964 1368 5039 quemeumque
1380 4963 1576 5030 inflammatus,
1591 4941 1812 5033 qeqpqaflpmcqq
1823 4960 1906 5018 quoq,
1920 4975 1963 5017 ω.
2019 4973 2020 4976 ¹

314 5082 408 5147 parcat
419 5067 573 5140 Carthagini
583 5074 612 5123 ct
623 5062 780 5136 prouinciae,
794 5074 874 5132 quam
897 5056 1010 5113 militum
1022 5061 1050 5110 et
1061 5053 1114 5107 ini·
1164 5057 1222 5114 dari
1236 5056 1343 5129 (Equo,
1356 5056 1420 5112 ibe,
1433 5071 1492 5126 epp,
1509 5054 1530 5110 t,
1542 5072 1603 5128 paq,
1619 5054 1705 5127 201),
1720 5053 1774 5111 spo
1791 5052 1864 5109 „⁰112
1886 5065 1965 5124 prof.

315 5167 447 5224 ontearum
466 5159 687 5219 concussionibus
706 5152 849 5211 obnoxiam
868 5149 941 5208 iecit.
958 5148 1113 5206 sensenna
1165 5164 1212 5207 sus
1224 5149 1372 5206 solcetiam
1390 5148 1539 5205 meridiano
1550 5148 1666 5205 clariora
1680 5146 1814 5203 rationum
1826 5153 1963 5201 momenta

315 5255 660 5319 solusestcbristianorum
672 5248 812 5320 magister,
821 5246 865 5318 qui
877 5251 939 5300 ante
947 5242 1034 5314 ipsum
1043 5248 1113 5306 erat.
1165 5251 1311 5316 potuerunt
1332 5242 1407 5297 illum
1423 5240 1609 5314 restinguere,
1625 5255 1676 5297 nec
1689 5238 1832 5312 probibere
1854 5236 1963 5309 quomi-

315 5366 367 5410 nee
383 5345 585 5408 abhominibns
604 5342 668 5417 mali
689 5337 789 5413 aliquid
809 5338 864 5411 pati
886 5345 996 5409 polest;
1020 5341 1114 5389 contro
1166 5351 1217 5392 nus
1242 5335 1417 5406 iniquissimis
1441 5335 1544 5406 iegibus
1564 5348 1580 5389 a
1604 5332 1706 5390 Seuero
1725 5330 1786 5387 latis
1817 5328 1964 5387 Claristiani

315 5459 381 5501 uero
403 5456 472 5515 quos
494 5437 610 5511 Scapula
633 5434 776 5507 magistros
795 5429 887 5496 hobel,
904 5428 1027 5484 bomines
1039 5433 1114 5492 ⁸⁰⁰¹.
1166 5431 1193 5486 in
1211 5426 1576 5487 biriraercarnidcareotur.
1591 5427 1773 5495 Quamobrem
1781 5421 1963 5480 Tertullianus

210 5559 212 5563 ·
316 5533 460 5608 aliquando
473 5529 607 5589 morituri.
623 5527 752 5600 Denique,
767 5522 896 5598 quidquid
915 5521 960 5577 ille
970 5529 1042 5593 agat,
1058 5534 1112 5574 nou
1166 5519 1238 5576 bitrio
1252 5520 1340 5577 adbuc
1354 5519 1500 5590 stupplieem
1516 5517 1636 5575 libellum
1651 5516 1774 5588 Scapulae
1785 5556 1793 5582 ,
1805 5513 1878 5570 illius
1898 5526 1964 5585 pro·

316 5627 646 5690 debeiothristianorum
660 5630 744 5687 secta.
758 5634 818 5691 que
832 5628 888 5674 tum
901 5617 981 5673 etiam
1002 5614 1111 5679 erescit,
1164 5612 1260 5669 rineie
1281 5610 1449 5684 proconsuli,
1474 5609 1591 5679 obtulit,
1607 5623 1660 5681 quo
1672 5623 1735 5666 eum
1759 5616 1788 5665 et
1805 5604 1965 5679 gravissimo

315 5738 378 5780 euru
396 5721 464 5779 cedi
487 5720 600 5778 ridetur.
621 5713 749 5787 Quisquis
773 5726 889 5784 namque
914 5706 1060 5779 investigat
1086 5713 1113 5762 et
1165 5712 1383 5788 argumentorum
1409 5701 1549 5774 pondere,
1572 5710 1600 5758 et
1620 5699 1778 5758 domesticis
1800 5696 1965 5755 illustribus·

316 5814 437 5884 agrioseb
455 5828 504 5871 eur
521 5813 561 5872 ilii
581 5821 635 5869 um
656 5816 813 5867 consumet
827 5803 955 5879 quelibet
975 5807 1113 5862 tomenta
1164 5796 1345 5870 quealioruu
1366 5794 1536 5870 presulum,
1558 5801 1642 5867 atque
1663 5792 1746 5854 edam
1768 5791 1963 5864 imperatorum
