4242 6259
194 330 251 392 ill
750 330 977 394 dissuasorio
993 333 1027 392 tt.
1046 331 1092 392 LE
1110 322 1265 394 nonunt.
1795 336 1849 399 ill

194 451 248 519 ris,
273 466 355 524 qnam
379 451 450 508 lasa
469 449 617 523 maiestatis
638 449 738 506 diriore
760 450 873 508 molaris
899 465 998 524 arque·
1011 449 1156 524 Alcontis
1169 451 1306 516 bumana,
1321 450 1417 514 eadem
1440 436 1633 524 perspicuitate
1649 453 1777 524 mtmdtt,
1799 471 1849 516 eos

194 542 270 600 batn.
302 543 424 615 Quidni,
452 557 513 601 cum
542 544 677 600 nitentem
702 542 893 615 imperatorem
918 544 997 616 longa
1049 554 1193 616 propterea
1217 545 1253 601 ab
1273 544 1390 603 ethnicis
1419 544 1472 603 diei
1498 560 1553 604 non
1578 546 1700 617 potuisse
1724 548 1847 621 publicos

195 634 387 707 magisquam
400 635 467 691 deos
487 648 552 692 snos
574 643 696 691 mortuos
709 633 848 704 timerent,
861 643 944 707 atque
956 635 997 693 id·
1048 634 1153 706 bootes,
1167 636 1239 709 quod
1254 638 1373 709 ipsorum
1398 652 1475 695 moro
1498 652 1552 694 non
1573 634 1744 697 celebrarent
1754 640 1847 699 cara·

196 726 273 784 circo
284 728 364 785 citius
375 743 424 800 per
441 727 492 784 bos
506 740 602 785 omnes
614 728 778 800 pejerarent,
789 744 870 801 quam
883 744 932 801 per
943 730 995 787 int·
1047 738 1108 787 rttnt
1124 729 1266 787 solennia.
1277 731 1344 800 Qtais
1363 730 1435 787 enim
1450 730 1505 788 nisi
1527 732 1627 804 impius
1639 730 1721 790 bomo
1739 734 1849 807 negabit

195 820 329 893 paratorio
337 820 542 892 geniuthuid
550 832 615 879 rero
623 831 705 879 reeta
716 823 814 879 rationi
824 823 997 896 magisrepu-
1047 835 1080 878 ea
1100 821 1203 892 amunia
1217 832 1284 879 essa
1301 837 1361 879 eum
1386 837 1483 895 magna
1508 823 1650 890 modestia,
1673 824 1846 894 mundis,

195 924 269 987 anat,
287 928 367 987 quarn
383 915 436 973 diis
448 917 602 974 manicare
613 915 792 988 pronominis
803 917 902 985 salute,
914 926 995 989 quam
1047 914 1204 982 sobrietate,
1218 924 1246 971 ct
1259 914 1403 985 pudicitiat
1413 916 1494 988 btqoi
1504 917 1620 989 qeatilas
1633 930 1665 974 aa
1675 917 1848 977 cdebrabant

196 1018 247 1061 neo
258 1004 324 1062 dare
339 1008 464 1077 possunt,
479 1021 530 1064 neo
544 1021 718 1064 coraserrare.
732 1006 793 1075 Quo
807 1007 881 1064 sttitn
900 1008 992 1076 modo,
1048 1021 1154 1062 sumtm
1167 1020 1230 1062 cum
1242 1006 1363 1075 tamisia,
1376 1006 1519 1077 ebrietate,
1539 1009 1718 1081 impudentia,
1729 1008 1846 1068 seditio·

195 1107 273 1168 urget
285 1098 480 1168 Tertullianus,
493 1100 561 1157 alios
573 1099 787 1172 sermionensi
800 1110 862 1157 snas
876 1100 949 1158 ades
962 1115 995 1159 aa
1046 1098 1085 1155 sis
1097 1096 1330 1166 cursitationibus,
1346 1099 1462 1171 injuriis,
1484 1109 1512 1156 et
1531 1101 1657 1172 appensis
1670 1101 1756 1158 instar
1767 1103 1847 1175 lupa·

194 1196 297 1246 abluas
312 1190 371 1249 sine
389 1204 569 1248 caesareorum
595 1190 709 1253 miiitum
727 1193 848 1249 excubiis
858 1194 926 1250 tneri
940 1209 993 1251 non
1046 1191 1153 1247 narium
1172 1190 1206 1248 ad
1229 1191 1371 1248 domorum
1387 1202 1478 1263 postas
1491 1191 1775 1251 taurctsartucsmts.
1789 1194 1847 1253 llno

195 1281 308 1339 taient?
321 1283 393 1353 outo
406 1299 483 1351 tero,
499 1283 570 1355 quod
585 1283 685 1356 templa
696 1292 725 1340 et
736 1283 773 1340 dii
788 1284 865 1342 multi
877 1286 995 1357 pendent
1046 1282 1152 1339 aceedit
1171 1283 1243 1355 quod
1259 1283 1317 1340 bico
1329 1282 1407 1351 gisam
1421 1283 1553 1341 solemnia
1565 1290 1688 1356 aptatos,
1703 1301 1758 1342 nun
1778 1286 1847 1359 ipsis

193 1374 228 1433 de
239 1376 355 1435 ilesunc
367 1386 433 1435 nutu
443 1393 475 1435 ae
487 1378 644 1435 noluntatei
654 1377 746 1450 ltaque
759 1378 899 1436 christiani
910 1380 995 1437 multo
1046 1378 1194 1447 parcebant
1220 1378 1449 1449 imperatoribus,
1470 1376 1570 1448 quibus
1583 1392 1647 1435 oum
1674 1378 1767 1451 plures
1785 1380 1847 1437 uitat

195 1469 295 1539 potiori
310 1468 371 1541 jure
396 1484 445 1541 pro
469 1469 639 1542 imperatoris
652 1469 740 1525 salute
753 1476 806 1526 non
830 1469 912 1527 aitrus
931 1471 994 1528 ilios
1045 1482 1134 1524 annos
1157 1468 1224 1525 laico
1246 1470 1385 1553 optabant,
1406 1478 1463 1526 tata
1483 1469 1518 1527 de
1532 1469 1586 1527 alia
1600 1485 1672 1529 ooro
1691 1471 1848 1545 coqtnbant

192 1558 270 1629 dens,
286 1561 335 1617 sed
360 1562 444 1618 beorn
469 1576 574 1629 rernm,
587 1563 688 1627 virum,
708 1571 736 1618 et
750 1572 881 1620 sternunt
901 1576 995 1635 preca·
1045 1563 1163 1621 creando
1176 1564 1350 1636 imperatore.
1924 1546 1929 1569 ¹

192 1651 304 1710 bantur.
318 1654 384 1711 llam
403 1663 429 1712 et
444 1656 551 1726 ipsimet
563 1657 749 1727 imperatores,
765 1656 787 1711 si
803 1672 876 1713 sanae
895 1658 994 1716 mentis
1081 1655 1174 1728 Neque
1185 1657 1249 1713 sinit
1260 1668 1355 1714 auctor
1363 1667 1456 1714 noster
1465 1657 1517 1714 sibi
1528 1657 1686 1730 responderi
1701 1657 1760 1717 ltatc
1781 1661 1847 1718 cael

193 1746 260 1814 sint,
275 1745 347 1802 burc
362 1747 412 1803 sibi
426 1755 521 1817 optant
540 1762 601 1804 esse
622 1747 780 1818 propitium,
794 1764 881 1831 aquo
893 1748 994 1806 babent
1046 1760 1151 1808 tautum
1166 1761 1194 1808 ot
1206 1752 1302 1823 inqrati
1316 1751 1388 1822 rulqi
1402 1766 1464 1808 osse
1477 1759 1552 1820 rota,
1567 1765 1621 1808 non
1640 1762 1704 1809 tero
1718 1752 1845 1809 aliorum.

193 1838 265 1911 quod
279 1839 404 1896 nomines
425 1842 491 1909 sint,
503 1841 574 1912 quod
595 1841 697 1908 ritant,
718 1841 790 1912 quod
803 1842 863 1898 aliis
879 1842 995 1899 lioriiini·
1009 1846 1033 1907 Β
1047 1842 1106 1900 lion
1120 1844 1192 1899 enim
1202 1843 1300 1913 plebeii
1314 1842 1439 1900 homines
1452 1852 1532 1900 erant
1542 1842 1715 1901 intensissimi
1730 1845 1848 1915 impera⁴

193 1929 243 1988 ltus
257 1931 399 2002 imperem.
417 1930 469 1987 Pro
481 1946 576 1988 eorum
594 1932 675 2004 igitur
687 1932 786 1999 salute,
803 1934 992 2006 prosperitate,
1045 1943 1136 1992 torum
1147 1935 1239 1992 itostes
1252 1935 1349 2005 Cassii,
1360 1935 1446 2008 Nigri,
1461 1936 1562 2004 ntbtnt,
1577 1950 1666 2007 neque
1677 1937 1722 1994 alii
1734 1931 1847 2010 sigonis

194 2022 246 2079 alta
259 2021 384 2094 longiori,
398 2022 579 2095 diuturnoque
592 2024 706 2096 imperio
716 2022 856 2080 christani
870 2024 994 2082 manibus
1044 2030 1072 2085 et
1084 2027 1235 2084 l‘artbeniis
1247 2026 1417 2095 audaciores,
1430 2028 1477 2099 qni
1491 2029 1561 2084 inter
1575 2028 1642 2085 duas
1655 2028 1745 2085 lauros
1756 2027 1848 2086 casa·

145 2163 149 2179 ,
196 2114 335 2185 expansis,
350 2114 537 2187 nudocapite,
551 2116 611 2173 sine
630 2116 879 2187 praeriomonitore
898 2130 994 2188 preces
1045 2120 1296 2188 remobsederuot3
1311 2121 1430 2191 requeti
1444 2120 1563 2186 totidem,
1578 2120 1732 2191 quibarum
1746 2121 1847 2178 metesa

193 2198 340 2264 tundebant
350 2207 384 2266 de
394 2209 592 2282 cartrepudica,
604 2211 748 2267 innocente
758 2210 858 2279 aniona,
872 2225 904 2266 ae
916 2226 993 2267 saoc-
1045 2221 1134 2268 tarum
1152 2212 1267 2282 partium
1282 2212 1349 2268 socii
1362 2220 1419 2268 tum
1435 2213 1557 2283 quotidie
1572 2212 1797 2283 agnoscebantur.
1812 2215 1846 2271 bt

194 2300 489 2374 loSpiritnprolectas.
504 2302 558 2360 Scd
574 2303 991 2373 nonodercbant,sicutetbni·
1045 2305 1193 2369 adtamen
1210 2320 1258 2377 pro
1277 2307 1472 2377 imperatorum
1495 2304 1670 2362 salnmsaera
1697 2306 1843 2374 iaciebant,

194 2396 230 2463 ci,
246 2408 327 2467 grana
342 2397 422 2453 utrius
435 2397 516 2465 assis,
532 2412 583 2455 nec
595 2396 701 2453 arboris
713 2397 837 2454 arabica
847 2397 991 2471 iacrymas,
1044 2414 1095 2473 por
1104 2412 1198 2456 eorum
1211 2398 1369 2470 delerabant
1382 2399 1503 2470 genium,
1516 2413 1549 2455 ae
1562 2399 1693 2456 solemnia
1704 2399 1784 2456 sicuti
1799 2400 1874 2491 aliiq

194 2505 246 2548 noc
259 2493 414 2563 sanquinem
439 2490 516 2548 bovis
544 2491 616 2549 tabie
639 2499 686 2548 aut
709 2498 787 2547 atate
804 2489 928 2558 conlecti,
943 2504 994 2548 nec
1044 2502 1141 2548 omnes
1153 2488 1336 2547 celebrabant.
1349 2491 1450 2548 Eadem
1464 2506 1571 2564 qnoque
1583 2490 1772 2563 dependebant
1785 2493 1846 2550 oid·

193 2594 318 2657 spurcam
331 2585 535 2654 conscientiam,
548 2594 594 2642 aot
612 2583 933 2642 bostiasaritiosissimis
947 2598 992 2639 sa·
1044 2583 1086 2639 cia
1106 2582 1246 2654 astrologi,
1268 2583 1417 2656 aruspices,
1432 2594 1558 2655 angores,
1580 2581 1662 2656 magi,
1677 2585 1724 2656 qni
1743 2584 1846 2641 ιιιιιι-

192 2677 351 2734 cerdotlbus
367 2676 531 2734 immolatas.
548 2675 724 2735 Etltnicorum
751 2678 843 2749 itaque
863 2676 992 2747 praesides
1045 2686 1110 2730 num
1124 2671 1227 2729 artibm
1241 2672 1424 2731 decursarum
1442 2674 1531 2731 littura
1543 2684 1631 2735 morte
1643 2674 1844 2744 oonsdmbant,

193 2778 325 2845 prouocat
346 2770 547 2836 Tertullianus,
573 2780 604 2828 nt
628 2769 806 2837 christianos,
832 2769 856 2826 si
880 2769 920 2826 las
941 2782 993 2827 on·
1045 2767 1260 2839 eruptamnnpn
1272 2780 1334 2825 esse
1345 2767 1495 2840 proximam
1510 2768 1580 2840 (cop.
1592 2762 1650 2839 oo).
1668 2774 1674 2783 '

192 2878 273 2940 quarn
296 2864 350 2934 sit,
374 2880 408 2923 eo
431 2864 513 2922 modo
537 2863 623 2921 Deum
638 2880 687 2936 pro
712 2864 884 2937 imperatoris
905 2863 993 2922 salute
1080 2861 1174 2917 Debita
1189 2874 1255 2933 ergo
1274 2861 1482 2932 imperatoribus
1495 2860 1580 2926 bdea,
1595 2861 1681 2933 metas
1696 2871 1725 2920 et
1748 2860 1844 2935 religio

193 2969 334 3033 precantes
357 2966 510 3030 torqueant,
525 2957 751 3027 discrucient,‚et
769 2957 894 3014 occidant
915 2958 991 3031 (cop.
1044 2969 1099 3013 non
1120 2957 1146 3011 ln
1163 2954 1204 3011 itis
1224 2951 1322 3010 cllidis
1334 2953 1468 3017 consistit,
1485 2964 1547 3025 qua
1559 2952 1596 3009 ab
1611 2964 1706 3011 eorum
1722 2954 1845 3013 bostlbas

192 3042 238 3119 93,
248 3052 296 3121 29,
307 3052 366 3122 50).
1044 3045 1145 3119 septus
1158 3043 1281 3102 exbiberi
1293 3045 1351 3100 risa
1364 3052 1437 3111 sunt,
1450 3043 1498 3100 sed
1512 3045 1540 3100 in
1554 3043 1587 3100 iis
1600 3040 1732 3113 moribus,
1746 3060 1779 3103 aa
1792 3046 1845 3103 bo·

228 3147 314 3215 Quam
332 3145 439 3203 sincero
460 3150 549 3201 autem
563 3143 665 3210 animo,
683 3155 735 3198 nec
749 3139 811 3197 tiata
826 3138 991 3209 adulatione,
1045 3152 1089 3195 nac
1100 3137 1198 3195 mentia
1212 3135 1351 3207 operibus,
1363 3148 1424 3208 quos
1438 3135 1647 3207 imperatoribus
1662 3142 1691 3195 et
1713 3137 1774 3194 allls
1786 3150 1846 3194 otn-

193 3252 254 3314 qtno
271 3240 386 3298 ethnicis
399 3254 458 3295 eam
471 3237 662 3310 objicientibus
674 3235 804 3306 prodesse
819 3242 934 3304 poterat,
954 3232 1029 3304 sice
1046 3231 1125 3289 nibus
1148 3229 1398 3297 indiscriminatim,
1412 3229 1624 3301 nullaquenisia
1638 3231 1693 3286 lieo
1706 3237 1847 3303 expectata

195 3330 282 3391 boum
293 3313 509 3403 ¹omnipotentem
527 3336 715 3401 precarentur,
739 3325 802 3383 inde
820 3326 865 3383 iile
879 3325 994 3382 demon·
1044 3323 1170 3381 meroede
1181 3322 1331 3395 persolvas.
1342 3323 1378 3380 At
1390 3322 1449 3381 baec
1463 3324 1625 3395 prostabant
1636 3323 1785 3389 cbristiani,
1798 3316 1846 3396 qu'i

195 3426 275 3492 strat,
289 3421 360 3494 quod
375 3421 459 3479 sacris
469 3436 563 3479 eorum
583 3420 691 3490 litteris,
705 3430 772 3490 quas
794 3407 848 3474 oon
870 3413 992 3472 occulta·
1043 3419 1173 3492 jubentur
1185 3419 1288 3475 nemini
1301 3419 1371 3475 male
1379 3418 1461 3483 reilc,
1474 3427 1521 3474 aut
1531 3418 1629 3488 laceio,
1641 3414 1675 3475 de
1687 3417 1761 3475 ttnlio
1774 3419 1845 3476 maie

195 3510 272 3584 bant,
285 3514 410 3572 ominibus
422 3514 587 3588 praecipitur,
602 3522 630 3572 ut
645 3527 700 3569 non
714 3511 802 3569 solum
814 3522 863 3581 pro
878 3507 994 3564 inimicis
1045 3513 1176 3584 cogitare,
1190 3510 1326 3568 neminem
1347 3509 1445 3576 odisse,
1462 3508 1575 3582 diligere
1588 3509 1722 3577 inimicos,
1737 3526 1771 3568 ao
1782 3524 1845 3568 eum

196 3606 264 3677 suis,
278 3613 326 3668 sed
347 3627 395 3681 pro
414 3612 479 3683 ipsis
501 3610 584 3668 etiam
603 3606 764 3667 nontioatim
785 3602 995 3677 imperatoribus
1045 3603 1191 3671 laeduntur,
1205 3618 1254 3675 par
1269 3604 1325 3675 pari
1341 3616 1396 3659 non
1408 3600 1521 3660 rolerrc.
1536 3601 1613 3670 Quod
1623 3601 1734 3672 quidem
1745 3601 1779 3658 ab
1792 3601 1847 3659 illis

196 3694 281 3762 Deum
296 3692 384 3762 orent.
403 3703 487 3761 Addit
503 3705 584 3760 aliam
608 3702 674 3774 ipsis
696 3701 781 3758 baisse
802 3712 922 3765 causam,
938 3696 995 3753 sire
1045 3707 1102 3754 tarn
1115 3697 1209 3755 sedulo
1220 3696 1391 3753 obseruatum
1402 3706 1461 3764 est;
1476 3704 1504 3752 ut
1517 3694 1552 3750 ab
1562 3694 1640 3767 uulgo
1653 3694 1785 3765 lapidibus
1799 3708 1848 3767 ap-

196 3799 286 3872 potius
310 3798 517 3864 necessitatem,
539 3812 588 3868 pro
608 3794 815 3866 imperatoribus
836 3801 863 3849 et
888 3788 995 3862 imperil
1048 3792 1134 3864 petiti.
1148 3790 1191 3847 tel
1204 3791 1317 3848 aliorum
1330 3788 1422 3854 lurore
1444 3788 1550 3861 ignibus
1564 3787 1662 3853 exusti,
1679 3786 1846 3844 reibacoba·

195 3890 309 3948 Romani
326 3898 396 3946 statu
407 3889 512 3958 orandi,
525 3901 555 3945 nt
569 3887 660 3945 mundi
676 3885 814 3951 nimirum,
828 3883 873 3956 qui
887 3897 949 3939 cnm
961 3893 995 3939 eo
1047 3887 1149 3942 natium
1174 3882 1251 3955 iuriis
1271 3897 1306 3939 ex
1320 3881 1444 3953 sepulcro
1457 3880 1559 3947 ellossi,
1575 3889 1615 3938 tot
1632 3889 1775 3951 tantasque
1794 3880 1847 3937 sibi

198 3986 288 4058 perire
298 3985 424 4054 debebat,
435 3984 497 4041 tinais
511 3983 706 4042 retardaretur.
720 3978 851 4050 Quocirca
865 3993 914 4051 per
928 3975 996 4033 salu-
1047 3987 1093 4033 ant
1103 3976 1160 4033 suis
1175 3974 1301 4032 iratribus
1314 3973 1402 4030 illatas
1416 3972 1528 4043 injurias
1540 3986 1676 4044 nunquam
1697 3972 1788 4028 ulcisci
1799 3985 1848 4028 to·
1912 4024 1928 4051 κ

195 4078 252 4134 tem
265 4077 458 4149 imperatorum
468 4076 585 4134 libenter
595 4075 732 4148 jurabant,
743 4072 856 4130 minime
870 4084 935 4128 tero
947 4082 997 4142 per
1047 4068 1158 4126 luerint.
1169 4067 1298 4124 Poterant
1308 4073 1397 4121 tamen
1408 4064 1442 4121 de
1455 4064 1487 4120 iis
1501 4078 1595 4135 poenas
1604 4078 1713 4120 sumere
1723 4069 1770 4119 aut
1782 4076 1849 4134 pau·

197 4167 304 4224 iliorum
316 4167 422 4239 gendos,
436 4182 504 4241 qnos
517 4152 730 4239 adiuratiooibus
741 4165 836 4237 inpare
849 4175 997 4220 consuete·
1049 4162 1118 4220 culis
1139 4158 1233 4218 iaculls
1249 4157 1379 4224 occultas,
1395 4164 1442 4213 aut
1461 4156 1618 4229 maioribus,
1634 4170 1714 4228 quam
1733 4155 1847 4226 etbaiol,

198 4272 259 4319 rapt
275 4261 345 4334 (cap.
355 4262 401 4328 31,
416 4261 476 4335 52).
624 4240 630 4251 ⁵
1049 4256 1164 4312 militum
1179 4254 1394 4325 copiisapertas.
1410 4250 1462 4306 Per
1477 4250 1704 4321 totumsiquidem
1717 4251 1849 4309 mundum

200 4340 212 4355 ⁶
235 4354 370 4414 Praeterea
386 4365 460 4412 tanto
472 4355 569 4429 major,
590 4354 677 4426 inquit
698 4362 794 4410 auctor
816 4361 921 4417 noster,
940 4356 1000 4406 erat
1050 4346 1175 4418 dispersi,
1187 4346 1286 4410 urbes,
1306 4341 1462 4413 municipia,
1478 4348 1576 4408 castra,
1593 4343 1767 4415 exceptisque
1780 4344 1848 4402 solis

199 4445 410 4506 christianorum
428 4448 515 4522 pietas
538 4456 566 4505 et
586 4447 682 4518 religio
700 4461 765 4517 erga
794 4446 998 4515 imperatorem,
1050 4436 1162 4493 deorum
1175 4434 1291 4506 templis,
1306 4433 1395 4488 omnia
1409 4432 1596 4504 impleuerant.
1609 4433 1738 4501 Quamuis
1757 4441 1849 4491 autem

202 4544 304 4614 quanto
316 4544 417 4601 certius
429 4543 554 4601 sciebant
574 4541 650 4598 illum
663 4555 679 4596 a
693 4540 750 4596 Deo
762 4552 828 4594 tero
838 4536 955 4593 electum
968 4538 1000 4589 ac
1051 4528 1173 4584 minores
1184 4524 1276 4596 coplas
1288 4523 1424 4580 instruere
1438 4524 1599 4594 potuissent,
1614 4525 1657 4581 eni
1673 4533 1761 4580 tameo
1776 4523 1849 4581 bello

201 4634 388 4692 constitutum.
404 4635 446 4692 ab
459 4635 512 4692 boo
533 4632 614 4706 igitur
629 4632 685 4688 lico
698 4627 871 4702 imperatoris
883 4625 997 4683 salutem
1010 4636 1038 4700 1)
1051 4616 1169 4693 prompti
1190 4624 1219 4673 et
1239 4616 1329 4672 idonei
1343 4631 1397 4671 non
1416 4622 1504 4684 erant,
1520 4616 1566 4685 qni
1587 4615 1703 4671 libenter
1724 4626 1774 4686 pro
1790 4620 1850 4677 susa

200 4741 236 4784 eo
248 4725 350 4784 laciiius
363 4704 490 4799 poterant
509 4727 670 4797 impetrare,
685 4720 758 4796 quod
778 4720 854 4778 bisce
874 4717 1000 4791 precibus
1050 4709 1190 4784 religionis
1202 4707 1374 4766 eottlessione
1394 4723 1425 4766 se
1444 4705 1573 4763 trucidari
1593 4706 1781 4778 patiebanturl
1795 4706 1850 4767 l'ae

200 4820 277 4879 ilium
293 4794 352 4879 Deo*
361 4822 494 4879 minorem
509 4836 571 4877 esse
582 4817 748 4875 fatebantur.
759 4812 840 4871 Nelos
853 4821 944 4869 autem
958 4809 1001 4883 ip·
1050 4805 1145 4871 etiam,
1159 4801 1328 4872 ⁸1l0¹5⁸200⁸
1341 4799 1425 4857 ‘⁰³⁵⁸‘
1438 4799 1566 4856 Ιῡθῐῐῐὶθθ·
1578 4801 1614 4855 Μ
1626 4812 1675 4855 ⁸⁶⁸
1689 4798 1772 4857 ”¹⁸²
1785 4813 1851 4875 Μ·

201 4914 241 4970 sis
259 4921 318 4970 erat
338 4913 529 4986 imperatorem
550 4912 631 4969 deum
656 4906 803 4981 appellare,
826 4914 855 4961 nt
878 4911 941 4976 pote
955 4901 1001 4975 qni
1051 4898 1145 4956 lilibus
1156 4896 1315 4964 delectione,
1325 4901 1372 4950 aut
1384 4892 1565 4964 separatione,
1578 4902 1639 4949 seso
1651 4890 1787 4950 uindicare
1808 4890 1850 4949 la·

201 5004 283 5065 bomo
297 5014 349 5076 est,
361 5020 394 5065 ac
406 5006 470 5065 dum
485 5005 642 5079 triumphat,
656 5019 713 5062 auae
733 5000 895 5059 admonetur
906 4998 1003 5055 buma-
1052 4991 1154 5051 elillme
1168 4999 1303 5063 poterant.
1324 4987 1411 5045 Tanta
1425 4985 1524 5058 quippe
1538 4996 1597 5043 erat
1609 4984 1718 5042 illorum
1731 4985 1850 5043 multitu·

201 5118 245 5159 nae
257 5100 429 5160 conditionis.
444 5101 512 5173 Quin
531 5113 597 5158 vero
613 5100 750 5171 Angustus
765 5096 912 5167 imperator
926 5089 1002 5149 uole-
1054 5082 1106 5154 do,
1122 5094 1152 5141 ut
1163 5081 1265 5140 etbniol
1286 5080 1337 5139 sibi
1361 5080 1427 5136 solis
1441 5078 1541 5147 relieti,
1557 5092 1633 5134 suam
1650 5077 1852 5150 obstupuissent

201 5191 288 5251 berse
301 5192 440 5250 nominum
453 5193 556 5249 vocari.
576 5189 612 5247 Et
624 5197 699 5247 recte
712 5186 840 5261 quidem3
855 5200 918 5242 nam
934 5196 1003 5240 unus
1055 5176 1090 5234 ad
1112 5173 1295 5242 solitudinem,
1317 5186 1350 5228 ae
1370 5171 1470 5243 piures·
1483 5168 1576 5227 bostes
1591 5168 1756 5239 habuissent,
1771 5180 1854 5243 qoam

203 5297 245 5345 est
262 5289 382 5346 omnium
400 5296 481 5359 atque
500 5289 581 5344 ctiam
594 5283 766 5358 imperatoris
782 5281 919 5347 dominus,
932 5276 1004 5334 scili-
1056 5271 1139 5329 cites.
1160 5267 1279 5339 benique
1291 5264 1326 5322 ad
1338 5264 1548 5322 christianorum
1558 5263 1702 5321 uindictam
1717 5264 1783 5322 satis
1799 5264 1854 5321 uti·

203 5382 247 5437 cet
260 5380 333 5438 Deus
346 5379 528 5454 omnipotens.
556 5378 677 5451 lienique
697 5373 835 5449 quomodo
856 5373 1005 5443 imperator
1057 5377 1111 5436 que
1132 5360 1236 5428 luisset,
1251 5359 1275 5417 si
1287 5356 1425 5415 damooes
1440 5371 1494 5414 non
1508 5354 1677 5428 depulissent
1688 5356 1724 5414 ab
1735 5356 1855 5416 obsessis

204 5470 292 5533 adbuc
315 5475 392 5532 virus
412 5481 520 5546 poterat
547 5465 594 5529 [i'ei
619 5468 749 5543 appellari
773 5466 902 5534 nomine,
929 5460 1005 5535 quod
1057 5456 1226 5515 euboicorum
1248 5450 1416 5523 corporibus.
1432 5448 1519 5506 Tanto
1533 5448 1614 5522 igitur
1628 5448 1746 5508 ltoouno
1759 5450 1856 5521 prasi·

205 5568 306 5627 etbnici
328 5582 382 5626 non
400 5576 464 5626 anm
482 5546 651 5641 apotheosim
671 5562 825 5622 Cesaribus
845 5557 1004 5618 tribuebant
1055 5550 1112 5618 dio,
1126 5545 1273 5619 gentilibus
1292 5540 1400 5614 collato,
1415 5540 1595 5600 ostendebant
1614 5554 1645 5599 se
1667 5554 1721 5599 non
1741 5540 1854 5598 humani

206 5660 276 5736 ΜΡ·
286 5665 333 5731 55,
347 5662 418 5734 illi?
1056 5642 1166 5719 quidem
1180 5638 1307 5714 generis,
1327 5634 1375 5695 scd
1389 5637 1500 5703 erroris,
1525 5634 1565 5692 uti
1586 5633 1715 5694 hacteuus
1728 5631 1855 5708 proban·

240 5754 299 5824 Qua
311 5760 400 5813 autent
415 5753 543 5812 lacilitate
553 5763 581 5810 et
593 5749 731 5811 euidentia
743 5742 925 5807 Tertullianus
935 5742 1004 5803 bae·
1058 5748 1129 5807 ttius,
1145 5746 1205 5794 esse
1219 5731 1342 5790 inimicos
1355 5728 1427 5805 (cup.
1441 5726 1488 5796 ὅθι
1505 5724 1563 5801 57)·

206 5846 285 5910 boat
298 5846 457 5923 probaverat
468 5845 631 5908 abristtaoos
647 5858 703 5908 noo
718 5852 852 5906 masreca
863 5838 935 5903 tosa
947 5840 1006 5900 ιιι4
1095 5824 1204 5890 Transit
1223 5818 1287 5885 inda
1299 5832 1394 5883 auctor
1407 5830 1501 5881 noster
1519 5818 1554 5878 ad
1568 5818 1681 5882 alteram
1702 5834 1752 5883 neo
1768 5820 1858 5885 minut
