4242 6259
173 362 226 425 tut
873 369 1143 429 nuutooauttlls.
1775 381 1831 438 lua

174 478 243 536 rint.
257 475 418 535 Praedixerat
431 485 459 534 et
479 478 537 550 ipse
560 478 596 535 ita
611 477 738 537 lactaroa.
752 481 851 539 Parum
871 480 933 549 inne,
949 485 971 542 si
986 487 1067 547 Aret
1089 487 1253 558 sepulcrum,
1279 497 1308 546 et
1331 492 1452 547 cristodia
1480 507 1580 564 pauore
1602 495 1730 567 disjecta,
1746 499 1827 557 nullis

177 586 233 627 ooo
246 569 416 642 etproplnetn
430 579 512 627 retro.
527 570 560 626 Et
573 579 663 647 maren
676 572 788 630 sullirus
801 575 925 645 spiritam
935 576 976 649 (1)
1027 582 1220 653 apparentibus
1234 582 1387 657 discipulis,
1409 585 1474 643 nihil
1501 588 1528 644 in
1549 589 1674 661 sepulcro
1688 600 1825 664 repertam

176 677 239 721 eum
260 663 343 718 verim
355 669 451 734 sponte
461 661 575 731 dimisit,
585 675 722 735 praevento
735 665 869 723 carnilicis
885 667 977 724 oillcio
1027 680 1080 737 est,
1097 683 1276 746 praeterquam
1296 677 1400 733 exuvie
1413 677 1522 750 sepulti.
1535 679 1576 755 (8)
1588 679 1767 740 Nihilominus
1786 693 1828 742 ta·

177 754 228 830 (ιι).
250 756 352 812 Eodem
375 765 513 813 momento
526 755 598 823 dics,
625 758 742 815 medium
757 758 807 831 (1)
823 760 862 832 (1)
882 760 975 817 orbem
1027 780 1091 821 rnen
1103 767 1362 840 prirrsores,quorum
1373 771 1514 842 intererat,
1525 782 1553 830 et
1564 773 1655 832 scelus
1667 774 1826 849 divulgare.

178 850 303 922 signante
315 848 385 917 sole,
400 848 592 906 subductaest.
605 848 756 921 Deliquium
771 851 807 924 (c)
824 851 916 923 utiqtre
928 868 977 924 pa·
1027 866 1055 913 ct
1070 858 1198 930 populum
1213 860 1370 931 uectigalem
1390 874 1417 919 et
1442 865 1598 922 lamularcna
1619 866 1671 924 silai
1691 883 1707 923 a
1722 868 1827 944 111ι(9)

176 951 308 1009 taneram,
329 943 375 1015 qui
398 942 426 999 id
451 958 557 1015 annoque
580 958 662 1013 snprer
677 942 786 999 Christo
802 945 975 1015 praedicatum
1028 966 1168 1018 revocare.
1183 953 1339 1026 subreptam
1360 972 1374 1010 a
1389 956 1530 1030 discipulis
1544 959 1746 1030 jactitaverant.
1760 961 1827 1020 mn

174 1050 230 1093 noa
243 1035 380 1101 seleman
400 1033 517 1108 [rarione
538 1052 591 1092 nan
606 1035 785 1107 deprehensa,
799 1034 975 1112 negaveram]
1029 1043 1135 1101 neettte
1148 1059 1178 1100 ιι
1191 1046 1218 1101 in
1229 1046 1432 1117 viriguandano,
1448 1050 1668 1122 netnrpiterrnre
1679 1052 1827 1113 liberaren-

174 1128 233 1199 (1);
248 1136 276 1183 ct
290 1136 380 1183 tamen
396 1142 458 1183 euru
482 1127 573 1183 mundi
591 1142 683 1184 casum
702 1127 815 1184 relatam
828 1128 855 1183 iu
867 1130 976 1186 arcanis
1029 1144 1083 1203 tur,
1100 1143 1128 1191 ut
1141 1145 1169 1193 ct
1184 1136 1261 1203 tides.
1276 1154 1329 1195 nori
1346 1140 1474 1197 rrnediocri
1488 1145 1601 1213 prumia
1613 1144 1757 1212 destinata,
1773 1147 1826 1205 dil·

175 1220 216 1291 (1)
226 1220 325 1276 nestris
338 1218 454 1275 lrabetis.
467 1219 542 1276 Tnnc
554 1219 639 1275 indui
652 1219 802 1275 detroclom
813 1228 841 1276 et
852 1222 976 1290 sepulcro
1028 1225 1310 1309 deultateconstaret.
1323 1228 1391 1288 Cum
1405 1231 1543 1304 discipulis
1563 1243 1653 1291 autem
1667 1236 1826 1308 qnsihusdam

174 1311 313 1368 conditam
324 1325 421 1381 magna
436 1311 517 1367 etiam
530 1311 653 1366 militaria
665 1309 795 1367 custodiae
805 1311 846 1385 (5)
859 1310 975 1383 diligen·
1026 1322 1098 1392 apad
1109 1320 1247 1378 cainiana
1265 1321 1365 1381 ludaeos
1378 1326 1514 1398 regionem
1532 1312 1567 1384 sil
1579 1326 1754 1401 quadraginta
1767 1331 1827 1390 dies

176 1406 212 1461 tia
225 1403 457 1461 circumsederunt
468 1404 522 1476 (6),
531 1418 576 1472 ue,
591 1405 653 1475 quia
669 1404 830 1475 predixerat
841 1405 918 1461 tertia
932 1406 976 1463 dio
1027 1413 1093 1485 egil,
1113 1414 1214 1472 docem
1234 1431 1282 1472 ens
1296 1432 1357 1488 qnae
1370 1416 1510 1475 docerem,
1528 1418 1629 1477 Dehinc
1641 1422 1773 1481 ordinaris
1785 1426 1826 1483 εἰς

174 1508 390 1554 resurrecturum
401 1511 431 1552 se
445 1512 460 1551 a
475 1506 574 1566 niorto,
588 1497 712 1570 discipuli
723 1497 794 1555 lnrto
807 1499 910 1555 amoliti
923 1513 971 1555 ca·
1027 1504 1060 1560 ad
1071 1504 1188 1562 officium
1203 1508 1363 1577 nundinandi
1377 1524 1426 1581 per
1436 1510 1542 1580 orbem,
1568 1512 1731 1572 circumfusa
1754 1517 1826 1574 nabe

175 1590 259 1648 darer
272 1590 391 1647 lallerent
400 1601 550 1663 suspectos.
564 1591 617 1649 Sed
627 1606 691 1649 ecco
705 1593 749 1651 die
761 1594 839 1651 tertia
852 1592 893 1668 (il
907 1610 972 1651 con·
1023 1597 1050 1653 in
1064 1597 1162 1655 coelnm
1184 1608 1225 1655 est
1238 1607 1348 1669 ereptus
1362 1599 1431 1671 (10),
1447 1602 1531 1658 multo
1555 1606 1645 1661 serius
1658 1620 1737 1676 auam
1753 1609 1825 1680 apud

174 1698 253 1742 cussa
264 1694 376 1757 reponte
387 1694 475 1754 terra,
495 1686 601 1745 etmole
611 1688 742 1756 resolata,
755 1704 816 1761 qaae
826 1688 969 1748 obstruxe-
1022 1706 1071 1748 uos
1084 1692 1281 1766 asseverarede
1295 1693 1410 1751 Romulo
1429 1695 1487 1767 (11)
1500 1690 1606 1754 Proculi
1624 1698 1666 1771 (d)
1679 1699 1823 1761 solertiis

795 1803 987 1863 auctiones
1006 1805 1213 1865 VdedNTES.

204 1915 240 1982 (1)
257 1913 322 1968 aad.
332 1923 387 1967 onle
399 1913 528 1979 uiantium
537 1920 560 1967 et
571 1917 634 1967 Han.
645 1930 654 1968 .·
666 1917 795 1982 prophetae
806 1927 875 1969 retro
886 1920 969 1971 etiam.
985 1922 1009 1984 Β
1065 1923 1082 1972 5
1109 1920 1207 1974 llllitasi
1217 1935 1290 1973 manu
1301 1922 1418 1974 ennodio
1429 1924 1535 1991 Frusino.
1549 1927 1656 1981 Parisiis.

171 1977 379 2031 Tatueasuliisas
396 1978 471 2029 mulla
490 1979 575 2028 mortis
593 1979 658 2030 illias
676 1980 771 2043 propria
790 1982 898 2033 ostendit
913 1983 971 2033 iaal-
1064 1984 1081 2033 n
1109 1983 1434 2048 circumsepseraatlts.a
1512 1988 1538 2038 d.

170 2044 236 2105 gaia.
249 2041 310 2093 Nam
321 2041 448 2105 spiritam,
461 2047 509 2091 ela.
525 2043 569 2091 Vo.
581 2041 705 2092 rnullu.—
716 2043 782 2095 Nasu
792 2041 818 2095 in
829 2043 884 2096 eod.
898 2042 970 2097 auid.
1066 2047 1093 2110 ’1)
1110 2046 1161 2097 Sed
1172 2046 1202 2096 ad
1212 2047 1279 2097 diem
1290 2049 1387 2098 tertiam
1399 2051 1425 2100 11
1448 2085 1454 2099 .
1468 2047 1541 2101 Fuld.

170 2105 264 2156 desunt.
278 2101 308 2155 lli
326 2139 333 2152 .
355 2101 450 2154 emersd.
462 2101 494 2154 Et
505 2102 603 2153 tandem
614 2104 670 2155 suli.
1065 2108 1092 2169 8)
1108 2108 1205 2160 Praeter
1217 2111 1319 2160 esurias
1330 2110 1465 2182 sepulture
1475 2114 1530 2163 eod.
1544 2110 1618 2166 Fsdd.

201 2165 277 2231 (ulit
312 2177 359 2245 mm
374 2164 450 2237 §qui-
512 2223 518 2235 ,
806 2228 812 2238 ,
1053 2171 1080 2231 (9
1107 2170 1227 2222 Adlidem
1238 2172 1346 2238 Frorseo.

201 2229 239 2357 8)
259 2231 306 2279 Vo.
322 2237 393 2280 onas
403 2225 498 2279 saclusa
509 2224 737 2279 numerarunt.
750 2228 836 2281 adusta
848 2230 968 2294 ιιιιιιιιιιι.
1065 2172 1105 2363 ti}
1122 2233 1250 2298 Receptus
1259 2235 1337 2285 Fruar.

256 2291 298 2342 Ita
307 2290 361 2357 llio.
371 2296 395 2342 et
405 2292 468 2341 Hero.
481 2289 560 2342 eood.
572 2289 644 2342 rulo.
652 2302 663 2354 ,·
673 2287 773 2344 reteri:
788 2291 816 2343 lo
826 2285 938 2345 archivis
1067 2297 1094 2348 ll
1125 2295 1184 2348 cod.
1197 2293 1270 2348 fuld.
1283 2294 1338 2362 itio.
1350 2304 1373 2349 ιι
1383 2298 1446 2349 lieu.
1458 2297 1577 2351 Romulia.

855 2397 1140 2460 COMMENTARIUS.

167 2515 267 2572 Errsclo.
292 2530 367 2570 ιιιιιιι.
390 2510 519 2568 ttttxttl.
548 2512 648 2566 Pilatus
671 2521 822 2583 procurator
837 2512 965 2569 dudeco
1019 2515 1172 2587 queuellas.
1183 2515 1389 2588 Curiascgoloei
1402 2519 1445 2574 iric
1458 2521 1555 2590 respici
1568 2529 1632 2588 pato
1643 2522 1818 2583 locutionem.

166 2586 267 2641 Tiierio
281 2585 398 2640 mittitur.
414 2583 479 2652 Qun
492 2599 573 2654 quarn
585 2584 681 2637 anirum
699 2585 724 2637 in
741 2582 850 2638 rrrodum
865 2585 963 2656 passim
1056 2586 1095 2657 (c)
1112 2585 1258 2657 Deliquium
1274 2588 1360 2661 utiquc
1370 2599 1531 2658 putauerunt.
1547 2591 1666 2666 Phlegon
1681 2610 1780 2668 nempe
1792 2607 1820 2655 et

167 2659 335 2714 trrrltrrrtnra
347 2654 520 2726 qrnilmsdam,
537 2655 688 2717 sciendum,
713 2652 861 2720 Vitellium,
877 2654 964 2711 uirum
1019 2656 1142 2723 Thallus,
1159 2658 1278 2729 insignes
1294 2660 1462 2729 chronologi,
1473 2677 1587 2734 qaorum
1602 2665 1700 2735 prioris
1711 2667 1819 2727 nomine

168 2729 348 2794 consularem,
364 2726 447 2782 luisse
460 2737 514 2781 turn
527 2727 655 2794 ternporis
667 2727 807 2796 presidem
819 2727 900 2782 totius
914 2729 968 2798 Sy·
1020 2739 1047 2784 et
1059 2729 1149 2785 studio
1164 2728 1297 2785 adrianus
1307 2729 1408 2799 Cesar,
1419 2734 1461 2788 uir
1473 2733 1633 2800 multiscius,
1651 2752 1716 2793 usus
1730 2740 1819 2796 credi·

167 2802 226 2863 riae,
242 2800 290 2855 scd
316 2798 519 2855 traarrtssesaas
543 2808 742 2867 procuratores,
756 2799 800 2866 arni
821 2798 876 2853 lenc
890 2807 968 2854 emat
1020 2809 1065 2854 tur
1087 2801 1115 2855 in
1136 2801 1193 2855 suis
1217 2800 1395 2869 pabllcnmlis.
1422 2802 1587 2860 'lestinronia
1610 2816 1673 2863 rinus
1694 2818 1766 2870 sunt.
1792 2820 1821 2869 ct

168 2872 272 2942 enrrites
286 2870 365 2924 Roas.
378 2885 447 2940 qinon
461 2869 502 2923 nel
518 2867 546 2923 in
562 2870 680 2923 minores
704 2868 865 2937 prouincias,
881 2869 923 2924 uel
938 2870 965 2926 in
1018 2870 1099 2942 digna
1114 2886 1175 2941 quc
1190 2871 1313 2943 legantur
1335 2871 1406 2943 apud
1428 2874 1573 2932 Eusebium
1588 2876 1688 2933 chron.
1703 2897 1731 2952 p.
1751 2881 1817 2936 202.

167 2958 250 3014 regna
275 2943 411 2996 sociorum
439 2940 572 3005 mittebat,
587 2950 616 2993 nt
629 2939 664 2993 int
680 2932 899 2994 adrniaistrarent
922 2956 966 2996 res
1019 2942 1057 2997 lle
1070 2942 1168 3012 quibus
1183 2942 1344 2998 testimoniis
1356 2953 1384 2998 et
1406 2945 1485 3014 hrrjns
1500 2949 1538 3002 rei
1564 2949 1693 3006 miracula
1706 2954 1819 3008 nondun

168 3014 234 3084 Pap,
248 3014 327 3071 [turm.
343 3015 401 3069 siue
422 3012 448 3067 io
463 3009 606 3082 exigendis
621 3008 739 3075 tributis,
754 3021 781 3064 ct
800 3012 885 3079 pactis
903 3026 966 3066 cum
1018 3013 1104 3067 uideri
1122 3011 1211 3074 debet.
1227 3012 1325 3068 ibidem
1347 3014 1437 3083 plnres
1451 3016 1525 3072 locos
1543 3018 1691 3085 adducens,
1706 3021 1819 3078 illustris

169 3084 248 3142 Rorn.
263 3084 411 3142 loederilms
421 3081 571 3149 servandis,
582 3083 639 3137 siue
666 3080 691 3135 in
713 3082 868 3137 anniversnm
884 3082 966 3153 inspi·
1018 3082 1139 3154 Scaliger
1156 3098 1181 3151 p.
1193 3083 1255 3139 186.
1265 3093 1293 3139 et
1307 3082 1344 3138 ile
1355 3084 1469 3143 Ennerrd.
1480 3086 1752 3160 Temporumpddl.
1768 3092 1819 3149 Cui

168 3157 270 3211 cienndis
285 3170 320 3211 ae
339 3154 404 3227 quid
425 3153 578 3210 detrimenti
594 3151 675 3220 Resp.
691 3163 809 3221 caperet.
826 3152 871 3208 Sic
896 3153 966 3209 inter
1017 3154 1078 3209 addi
1092 3162 1179 3221 potest
1190 3153 1306 3225 Bynaeus
1319 3154 1364 3208 lili.
1381 3154 1425 3213 lli.
1441 3171 1466 3212 c.
1482 3156 1509 3212 8.
1525 3160 1559 3213 de
1571 3161 1656 3215 llorte
1669 3159 1689 3215 1.
1706 3162 1816 3218 uttan.

168 3226 229 3283 illos
241 3227 361 3284 induam
372 3227 482 3283 sortitus
496 3232 539 3280 cst
551 3234 655 3296 partem
672 3222 757 3296 Syriae
767 3223 880 3278 Pontius
891 3223 963 3279 Pila·
980 3242 1003 3306 C
1055 3222 1394 3295 (dillellomulisprocalis.
1411 3224 1448 3281 lta
1462 3227 1523 3298 Rip.
1537 3245 1570 3286 cx
1580 3230 1647 3285 Cod.
1661 3230 1739 3287 Fald.
1754 3242 1817 3289 stota

169 3306 215 3353 tus
228 3307 329 3352 meam
342 3305 509 3367 procuraret.
806 3293 877 3349 liam
1021 3297 1131 3351 lncntio.
1145 3294 1200 3350 Alii
1224 3297 1255 3348 ale
1274 3294 1385 3349 llomulo
1411 3296 1524 3353 Procrali.
1540 3302 1682 3371 augustin.
1704 3302 1738 3358 de
1753 3304 1814 3358 Ciu.

210 3368 252 3441 (ι)
266 3366 534 3437 Prorenloearnipicis
546 3365 639 3437 affine.
649 3364 707 3420 Dno
720 3364 778 3420 loca
789 3379 925 3435 apponere
935 3364 969 3420 li·
1020 3367 1067 3423 lici
1082 3367 1102 3422 l.
1116 3365 1162 3422 111.
1175 3381 1201 3421 c.
1215 3366 1258 3422 l5.
1272 3367 1388 3422 ostendit
1399 3382 1432 3423 es
1441 3369 1571 3426 Cicerone
1583 3373 1655 3427 illam
1667 3373 1736 3430 iuter
1748 3373 1817 3430 oens

170 3439 219 3495 bct
234 3438 292 3494 line
304 3440 416 3494 maxime
426 3440 597 3500 illustrantia,
611 3434 732 3492 Sanetnaii
746 3451 839 3501 unum,
853 3436 966 3491 Senecas
1018 3437 1126 3493 Romuli
1145 3437 1327 3508 receptionem
1345 3438 1476 3495 creditam
1491 3456 1552 3497 esse
1576 3442 1661 3513 ansgis
1674 3458 1753 3513 arram
1774 3444 1816 3500 ia·

170 3510 299 3566 alterum.
321 3509 349 3564 ln
364 3508 421 3565 ilita
439 3509 540 3565 'liberii
552 3523 577 3564 c.
590 3506 659 3563 Llll.
681 3505 749 3561 llari
771 3505 910 3561 uolentibus
930 3507 966 3562 uis
1018 3519 1100 3564 ctam.
1116 3507 1170 3563 Nec
1181 3512 1278 3563 mirum
1293 3524 1353 3562 cnm
1368 3510 1448 3565 etiarn
1467 3512 1620 3583 sepulcrum
1635 3513 1695 3583 ejus
1705 3516 1816 3572 exstite-

116 3595 118 3598 ‘
169 3580 289 3635 odlaiiita
312 3581 419 3636 sinendi.
441 3579 513 3634 Nam
536 3589 643 3634 ntmtem
668 3577 731 3632 adeo
745 3575 798 3631 leae
811 3576 966 3646 supplicium
1017 3581 1064 3644 rit,
1084 3580 1107 3634 si
1131 3578 1243 3634 Varroni
1269 3579 1344 3634 tides.
1362 3580 1493 3653 Porpliyr.
1509 3584 1542 3637 ad
1556 3582 1650 3640 liorat.
1666 3585 1750 3656 Epod.
1768 3588 1814 3643 tila.

169 3652 288 3724 putabat,
303 3661 331 3707 ιιι
341 3669 400 3706 cam
413 3651 526 3707 audisset
543 3666 623 3705 onom
646 3648 896 3715 exundantiam
917 3664 965 3702 no-
1017 3650 1051 3706 ad
1065 3664 1184 3711 eumenen.
1205 3650 1277 3720 quod
1301 3651 1394 3720 incipit
1414 3652 1502 3707 Altera
1511 3654 1568 3725 jam
1582 3656 1680 3710 teritur.
1697 3656 1748 3713 lsoe
1766 3672 1815 3714 tto·

169 3725 247 3787 on'ne,
261 3724 415 3794 anticipasse
428 3739 493 3783 conr.
509 3718 839 3786 metamaucencarnalan
853 3735 893 3774 aare
905 3735 965 3774 eoo·
1018 3730 1068 3788 tat,
1084 3737 1143 3774 noar
1169 3718 1251 3775 l'orro
1267 3731 1323 3792 post
1337 3732 1420 3777 rostro
1434 3724 1523 3848 Juisse
1542 3726 1687 3797 aepralcran
1710 3725 1816 3784 lionnsdi

168 3796 211 3849 sit.
226 3796 329 3851 &enteca
347 3795 381 3850 ad
401 3793 529 3851 Marciam
543 3807 567 3848 c.
582 3789 804 3860 laminensem
823 3791 882 3860 ejus
901 3789 966 3846 Cre·
1016 3792 1088 3846 dicit.
1098 3791 1190 3862 lunae
1202 3806 1266 3848 nere
1278 3793 1419 3862 Angustia.
1456 3793 1550 3849 iderint
1561 3798 1664 3861 auidam
1678 3800 1814 3869 scriptores

168 3867 254 3923 mutio
268 3865 369 3932 Coralis,
385 3868 435 3922 snb
447 3865 542 3921 eodem
555 3863 676 3936 principe
688 3860 776 3917 inedia
790 3862 858 3916 mori
876 3870 963 3937 certo,
1016 3863 1102 3925 etianr,
1114 3863 1157 3933 qui
1171 3878 1230 3917 eum
1241 3873 1344 3934 propter
1357 3865 1513 3935 ferocitatem
1524 3885 1540 3921 a
1553 3867 1650 3923 Senatu
1661 3869 1815 3941 discerptum

169 3952 205 3993 ue
219 3954 281 3993 rests
297 3937 407 4007 periret.
420 3936 595 4001 Accusatores,
611 3935 709 4006 Sejarso
733 3943 846 3998 auctore,
870 3932 965 3986 adruunt
1016 3950 1071 3989 esse
1084 3934 1213 3999 dixerunt,
1229 3933 1441 4008 subornatumque
1453 3939 1622 4008 nescioquem
1635 3938 1736 3994 duliam
1748 3940 1816 3995 Pro·

169 4009 310 4064 donnana
325 4008 462 4063 triiurtolio
476 4019 637 4079 :queruntur
652 4005 717 4060 niori
739 4003 860 4067 Cordum,
886 4003 964 4056 iuter·
1017 4007 1113 4068 culum,
1132 4005 1175 4075 qui
1188 4020 1246 4057 eam
1260 4007 1308 4060 sili
1323 4009 1475 4078 apparuisse
1493 4008 1598 4077 diceres,
1613 4026 1721 4078 ennianae
1732 4028 1777 4081 per
1787 4028 1815 4066 se

168 4080 294 4151 pellaciter
312 4079 380 4145 quod
392 4089 536 4148 coronant.
551 4079 620 4132 Adeo
641 4077 695 4131 illis
714 4072 812 4130 Cordus
833 4074 963 4128 uidebatur
1017 4077 1113 4146 populo
1135 4075 1271 4131 rnorrdosse
1294 4075 1419 4144 Ronsono,
1432 4090 1462 4132 ιιι
1482 4080 1547 4134 inter
1559 4084 1666 4136 artimino
1680 4082 1813 4145 coleretur,

168 4150 289 4222 effupere.
303 4150 400 4275 “afim
407 4167 447 4205 res
453 4161 508 4205 erat
520 4149 546 4203 in
559 4149 707 4221 questione,
721 4164 755 4200 an
767 4154 847 4199 intorte
856 4145 893 4226 rei
903 4161 964 4215 pro·
1017 4162 1096 4219 eoque
1108 4146 1184 4202 niodo
1203 4148 1336 4217 populum,
1351 4149 1394 4218 qui
1407 4159 1497 4204 canulro
1516 4151 1639 4207 Seruatum
1652 4153 1817 4209 intumescere

169 4221 325 4276 libereretur.
374 4238 417 4276 ιιιιι
431 4221 595 4291 deliberatur,
616 4220 677 4274 anan
695 4227 854 4273 ncrusotores
876 4226 966 4271 iterum
1018 4226 1128 4285 repunt
1141 4221 1510 4287 repressuntutauesedatum.
1525 4222 1591 4277 Nam
1604 4231 1680 4279 certe
1695 4225 1814 4293 precatio

168 4294 276 4350 adeunt.
291 4293 336 4347 ille
349 4309 376 4347 se
387 4293 537 4348 absolverat.
773 4344 777 4349 ,
1018 4289 1085 4344 satis
1107 4289 1275 4346 diuinitatem
1296 4289 1444 4346 obtinuisse
1465 4291 1545 4349 docet
1569 4293 1659 4350 Aurei.
1675 4294 1766 4350 Victor
1786 4295 1815 4351 in

205 4364 246 4435 (ιι)
261 4363 333 4430 Dies,
346 4365 467 4427 inedium.
479 4362 627 4419 Conllrmat
639 4363 695 4433 ipse
706 4358 885 4415 Tertullianus
896 4358 964 4414 dds.
1019 4357 1095 4430 Epir.
1107 4359 1133 4414 in
1143 4359 1232 4415 llarco
1245 4362 1344 4414 daton.
1360 4358 1394 4414 Et
1406 4363 1473 4431 quod
1485 4363 1516 4418 de
1531 4363 1641 4419 lionsulo
1653 4380 1720 4437 repre
1733 4366 1816 4421 credi·

167 4434 278 4494 iudaeos
288 4432 658 4506 c.ll.Nomquodinpossione
669 4433 724 4504 ejus
735 4429 838 4495 accidit,
851 4430 968 4485 rrlrneds'o
1019 4440 1074 4484 lum
1091 4439 1139 4497 est,
1161 4446 1248 4486 oannes
1269 4431 1326 4501 pori
1351 4448 1426 4485 senisu
1450 4447 1559 4505 prusam
1592 4448 1675 4502 ιιιιιι,
1698 4435 1815 4489 11ιιιιιιιι

170 4507 206 4562 Et
213 4508 267 4562 dies
279 4507 469 4560 tesselresscrel.
485 4507 562 4561 Annos
575 4510 698 4577 proplrela
706 4501 852 4568 orrannum,
861 4503 969 4556 dicens:
1019 4502 1083 4557 celo
1095 4511 1224 4570 receptent
1236 4516 1299 4557 esse.
1314 4500 1346 4556 El
1357 4501 1408 4557 lruc
1422 4503 1510 4560 lornant
1526 4521 1553 4559 rc
1566 4507 1619 4560 erri
1632 4512 1719 4574 potest
1731 4506 1815 4560 semi·

170 4578 232 4643 erit,
246 4578 337 4649 innuit,
345 4578 372 4632 in
384 4577 426 4632 die
438 4578 495 4643 illo,
507 4577 569 4631 diril
580 4572 820 4640 Douninus,occidet
832 4573 873 4628 sol
885 4571 968 4627 aredio
1021 4571 1109 4628 trudas
1122 4571 1167 4627 ille
1176 4570 1292 4641 irruentis,
1309 4573 1353 4641 rpri
1365 4572 1433 4642 apud
1447 4573 1590 4630 Bellurium
1604 4576 1630 4629 in
1644 4573 1723 4630 adm.
1734 4575 1814 4630 Rom.

170 4649 225 4714 die,
240 4649 389 4703 leneirescet
402 4659 582 4718 superterram
597 4648 651 4703 dies
673 4644 788 4701 luminis.
804 4642 905 4700 ibidem
921 4617 1008 4698 :ulD
1022 4645 1114 4715 Atilia.
1130 4642 1257 4712 vestigiis
1282 4644 1335 4697 tali.
1361 4644 1405 4698 eo.
1428 4643 1448 4700 F
1450 4646 1583 4701 atestinum
1608 4644 1700 4709 ilorci,
1723 4645 1816 4700 inabitu

171 4720 313 4793 prophetias
325 4719 536 4790 adimplerentur,
584 4718 697 4786 opmarn‘t
716 4716 770 4771 dies
782 4731 912 4800 uesperam
926 4716 941 4785 (
956 4743 969 4756 -

170 4787 325 4846 cerellum
340 4789 534 4861 hirsccxplicat
572 4791 664 4846 ierem.
682 4788 713 4845 tl.
733 4787 776 4842 tu.
793 4783 904 4852 aspona
917 4801 968 4839 ror·

170 4862 226 4917 lum
238 4877 316 4933 super
327 4863 386 4916 isto.
400 4861 434 4915 Et
452 4862 578 4934 puonrodo
591 4870 615 4915 et
625 4860 727 4934 quando
742 4856 842 4938 soponit
855 4856 967 4939 lulndu·
985 4888 991 4903 ·

170 4932 259 4999 litate,
272 4933 376 5003 qnando
388 4950 478 5004 possus
499 4943 536 4991 est
550 4931 675 4990 conanus,
697 4929 730 4986 Et
750 4929 859 4989 domarit,
874 4927 967 4998 annuit,

171 5004 312 5076 pissinam
325 5006 411 5070 ninas,
427 5014 451 5060 et
462 5006 502 5061 sol
514 5005 598 5061 aredio
611 5004 652 5059 die
661 4998 830 5057 teuedrieonit.
841 4995 877 5053 Et
887 5013 968 5066 spanus·

171 5074 208 5131 do
221 5075 323 5129 ltorruit
340 5076 425 5139 ιιιιιιι,
443 5077 493 5131 nisi
503 5077 531 5131 in
544 5075 662 5148 passione
677 5069 794 5129 Clusini?
807 5068 901 5125 Simile
915 5069 968 5124 mi·

169 5146 293 5203 ramulum
304 5155 412 5201 annotat
425 5148 451 5202 in
462 5147 509 5202 lib.
522 5146 562 5203 dd
577 5145 719 5215 Scapulam
731 5158 790 5213 cap.
803 5140 847 5198 111.
863 5139 934 5195 Nom
944 5147 969 5193 el

170 5216 213 5275 rol
223 5216 305 5274 iilein
315 5227 438 5273 costumis
456 5217 569 5273 Uticensi
582 5218 693 5270 extincto
708 5230 771 5295 petre
781 5212 887 5295 lunulae,
902 5213 968 5295 adeo

171 5289 393 5360 moriamini,
414 5299 441 5343 ut
464 5306 516 5344 rton
531 5288 640 5358 patriensi
658 5301 690 5340 eu
703 5286 834 5339 ordrnurro
856 5283 968 5353 dclsqnm

171 5360 223 5414 dos
240 5360 418 5430 parapasios
436 5362 463 5415 iu
481 5377 528 5417 suo
542 5360 691 5430 hypsomate
704 5366 727 5410 et
739 5355 877 5409 donticilio.
895 5354 970 5409 {lists

171 5428 462 5501 ordettssioaantesole¹
483 5433 502 5487 i.
516 5446 542 5488 e.
558 5429 709 5486 occultante
729 5426 819 5481 lnmen
840 5440 918 5479 sanum
941 5432 969 5480 et

172 5499 341 5573 obigusntc.
356 5500 423 5558 Nam
437 5504 538 5575 sipnore
555 5499 656 5583 antiqui
680 5499 804 5553 dixeram
826 5509 876 5566 pro
896 5495 969 5574 olisi-

171 5582 259 5644 mre
270 5582 298 5629 et
310 5573 456 5631 oocntltare.
472 5572 586 5637 Nonius,
608 5579 735 5643 narratam
749 5571 874 5648 intepram
890 5567 969 5638 airoi-

171 5656 234 5703 Μ
244 5653 355 5701 suemus
366 5645 444 5700 uoluit
458 5645 552 5699 dicere.
567 5643 644 5700 Unde
664 5641 728 5697 illud
740 5638 843 5693 Canttc.
860 5635 905 5694 tv.
922 5636 967 5694 tu.

172 5714 313 5843 mo
325 5717 413 5773 clausu
424 5734 461 5787 es,
476 5718 533 5790 (ιιι
544 5716 700 5786 oisipnotus.
717 5713 772 5766 imo
784 5710 819 5766 dc
832 5712 887 5781 ipsa
909 5712 969 5767 luce

291 5802 328 5843 tm
339 5788 491 5856 planorum.
507 5788 665 5844 exsultare
678 5785 858 5855 lanmaapad
871 5783 970 5839 indum
1017 5782 1114 5854 jeroret
1132 5779 1317 5850 coarlemplator
1331 5781 1420 5837 colitis
1433 5781 1460 5836 in
1476 5782 1568 5838 colum
1581 5783 1686 5850 recepti.
1702 5779 1755 5838 Sed

1022 4715 1114 4771 illane
1129 4713 1270 4778 ercilcrar,
1285 4713 1355 4768 coelo
1370 4714 1472 4782 inferri,
1490 4717 1601 4771 intentis
1624 4716 1709 4772 oculis
1730 4715 1816 4772 admi·

1022 4796 1106 4849 satra,
1123 4784 1173 4840 nisi
1185 4786 1273 4854 parim
1285 4800 1318 4840 es
1341 4785 1431 4839 habitu
1444 4796 1472 4841 et
1483 4785 1645 4852 diademate,
1661 4802 1715 4858 ntro
1735 4797 1818 4857 caput

1021 4865 1142 4921 ornatur,
1167 4856 1237 4911 lionis
1256 4854 1357 4910 Gentius
1375 4854 1411 4910 sit
1424 4855 1597 4912 :estimandus
1609 4878 1616 4912 s
1629 4867 1700 4913 tanta
1713 4859 1817 4915 scilicet

1020 4928 1114 4999 gloriar
1138 4926 1261 4983 vocandis
1290 4927 1411 4982 linrisines
1433 4928 1588 4983 incesserat.
1613 4928 1758 4986 Siretonins
1780 4931 1816 4987 de

1020 4997 1133 5070 Augusti
1147 5000 1235 5053 urrisun
1250 5012 1309 5062 cap.
1325 5013 1350 5053 c.
1367 4996 1422 5052 Neo
1436 4998 1517 5071 defait
1532 5000 1570 5054 nir
1582 5002 1724 5071 pretorius,
1737 5003 1780 5069 aui
1788 5017 1817 5056 se

1020 5070 1125 5141 efficiens
1138 5069 1243 5123 cremati
1263 5078 1363 5124 euntem
1376 5069 1403 5123 in
1415 5072 1504 5124 culum
1517 5072 1609 5127 uidisse
1624 5073 1748 5142 jurasset.
1761 5071 1816 5128 Sed

1019 5141 1083 5197 audi
1096 5139 1207 5196 i'ertull.
1221 5139 1255 5194 dc
1269 5141 1389 5209 Spectat.
1403 5155 1463 5212 cap.
1477 5141 1526 5198 ult.
1548 5143 1582 5197 de
1602 5158 1679 5213 peeua
1695 5142 1790 5198 ialerni
1806 5159 1815 5196 ε

1019 5221 1137 5282 spectans
1151 5219 1187 5265 tot
1201 5227 1232 5264 oc
1247 5221 1331 5264 tantos
1344 5211 1434 5283 llepes,
1450 5214 1493 5282 nui
1503 5216 1531 5269 in
1544 5212 1635 5269 colum
1647 5214 1740 5284 recepti
1750 5229 1816 5267 nun-

1020 5282 1159 5345 sinuantur,
1184 5298 1241 5336 crum
1261 5283 1317 5354 ipso
1335 5279 1398 5337 ioue
1417 5292 1440 5337 et
1461 5286 1516 5341 istis
1537 5285 1590 5339 sais
1603 5285 1705 5340 testibus
1718 5285 1744 5338 in
1757 5285 1816 5340 imis

1019 5355 1128 5408 tenelris
1146 5352 1366 5424 concurrissemus.
1381 5353 1476 5410 Veritus
1486 5355 1520 5412 de
1534 5357 1727 5427 triumphatore
1741 5371 1817 5411 rnor-

1020 5425 1054 5480 tis
1064 5424 1127 5480 lesa
1147 5433 1239 5478 nostro
1252 5423 1316 5477 illud
1329 5439 1499 5495 usstrpnmus,
1515 5426 1586 5493 ιιιιιιιι
1598 5443 1651 5482 nnn
1663 5428 1712 5481 nisi
1724 5427 1818 5481 adula-

1020 5496 1088 5550 tnrie
1100 5493 1223 5551 Valerius
1236 5493 1367 5550 liasinms
1381 5494 1414 5549 dc
1426 5495 1497 5551 latin
1511 5496 1618 5555 Crosare
1628 5497 1719 5554 dicere
1731 5499 1817 5568 potuit

1019 5565 1065 5622 lv.
1079 5566 1106 5621 5.
1122 5564 1134 5618 1
1138 5583 1153 5618 ιι
1167 5566 1235 5619 linito
1247 5565 1350 5619 rrrodum
1365 5583 1416 5621 aon
1430 5567 1543 5624 lsorrrincs
1557 5572 1698 5641 exspirant,
1713 5569 1757 5622 sed
1778 5568 1816 5622 dii

1019 5638 1178 5693 irrrnrortolrs
1192 5642 1263 5690 sedes
1275 5652 1335 5691 suns
1346 5647 1472 5709 repetant.
1487 5639 1614 5696 diluderc
1634 5650 1696 5710 puto
1711 5638 1819 5696 Tertul-

1018 5708 1119 5764 lianum
1133 5722 1194 5762 cnm
1208 5707 1273 5763 dicit
1285 5707 1324 5762 Ad
1335 5706 1396 5764 Nat.
1412 5709 1432 5765 1.
1447 5709 1491 5766 10.
1502 5727 1589 5767 coram
1599 5711 1694 5783 populo
1705 5727 1756 5765 non
1771 5727 1818 5838 Ke-

174 5850 215 5921 11
235 5850 264 5913 i,
274 5857 310 5915 de
321 5859 428 5932 llenqni
440 5860 497 5918 Soti
509 5860 552 5915 slat
565 5860 636 5929 iussa
647 5875 703 5931 nnn,
715 5873 759 5914 ιιι
770 5858 861 5929 onina,
873 5858 968 5931 siarum·
1022 5856 1098 5913 locus
1113 5861 1203 5913 intonet
1217 5867 1260 5910 mc
1274 5852 1414 5912 medicinae
1424 5869 1476 5931 qua
1490 5870 1596 5915 sorume
1609 5853 1711 5933 indiget
1722 5796 1823 5915 itacio,
