4242 6259
169 221 206 280 97
611 235 656 292 dd
675 236 848 298 amantea
866 235 1086 301 scalalolttbt
1105 242 1349 307 subrutilam.
1784 255 1820 314 98

167 338 265 410 berem,
277 355 340 414 quaa
351 344 455 402 sensim
468 345 547 405 ducet
562 347 671 407 nostros
690 353 813 410 lramlues
825 355 858 412 ad
871 353 1011 418 barbam
1023 359 1134 428 reperiri
1149 370 1254 430 potest,
1268 378 1317 419 nec
1327 371 1389 418 sunt
1403 362 1501 435 ubique
1510 364 1597 423 aetatis
1607 362 1819 426 librorum'ecr·

166 434 238 489 rictu
252 436 408 507 pristinam,
425 440 626 515 repetendaque.
638 449 790 517 putarimus
803 450 970 520 antiquitatis
1023 452 1123 506 tissima
1136 452 1243 508 iudicia.
1257 441 1323 510 Nam
1335 455 1357 510 si
1380 456 1530 527 disputator
1544 457 1578 515 de
1592 475 1625 515 eo
1639 502 1647 527 ,
1674 470 1762 518 trlrum
1780 457 1819 520 ¹sit

168 527 276 596 studia,
290 547 349 601 quar
366 547 429 595 cum
444 550 536 606 opera,
558 537 583 592 in
598 535 695 596 diuinis
707 541 803 597 litteris
818 542 969 613 diligentius

168 619 290 676 colendis
303 639 317 675 a
329 625 408 681 nobis
420 627 562 696 collocuta,
579 631 708 701 ruajoreur
724 634 841 705 aliquam
854 633 969 692 babeant

167 713 396 782 carrionelioncm.
407 718 565 791 Propterea,
578 723 650 788 eum',
665 725 752 796 quoad
769 726 967 794 licebat,'etiam

166 804 200 859 ad
222 805 403 878 antiquiorum
428 810 558 870 Ecclesiae
584 815 738 873 Doctorum
754 819 837 874 libros
860 820 968 878 assidue

167 898 322 956 mutandos
335 902 457 959 anianum
469 904 650 976 adjunxissem
664 925 752 965 meum
770 926 778 965 :
792 910 890 984 digmus
901 913 966 969 milti

167 987 194 1044 lu
208 990 652 1076 prirrdsTertullianusridebalur
668 1002 765 1073 ‚cujrrs
777 1004 875 1075 scripta
885 1020 966 1061 aceu-

166 1092 224 1138 ruta
249 1082 364 1142 bedam
376 1073 565 1160 persequerer.
588 1091 910 1166 Nataquedubitolere,
931 1112 965 1152 an

166 1178 226 1248 quis
239 1177 265 1233 iu
275 1181 434 1251 antiquitate
448 1184 571 1242 uniuersa
584 1187 620 1242 sit
632 1201 724 1243 eorum
739 1229 745 1250 .
762 1189 884 1261 equibus
899 1190 972 1247 doc-v

167 1274 235 1329 trina
249 1289 391 1348 moresque
406 1287 526 1335 ueterum
540 1279 753 1338 Christianorum
768 1284 965 1355 possuntiutel·

94 1407 97 1415 .
165 1364 223 1437 ligi,
236 1367 291 1438 qui,
303 1381 364 1423 curu
382 1370 501 1427 trrarimo
514 1371 620 1443 ingenio
642 1374 770 1445 majorem
797 1376 913 1448 contiuua
946 1379 951 1390 '

165 1474 257 1517 rerum
276 1461 426 1542 diuinarum
450 1465 679 1539 humanarumque
694 1470 851 1538 scientiam,
878 1389 966 1541 rua&

164 1567 280 1625 relnque
293 1554 320 1610 iu
343 1555 549 1618 coniurentaudo
575 1558 748 1616 subtilitatem
763 1561 817 1633 (l).
830 1561 883 1617 Sed
906 1562 965 1633 ejrrs

1021 543 1117 613 aliquis
1128 543 1283 601 Tertulliani
1300 545 1404 603 libellus
1417 555 1478 603 ante
1491 549 1625 619 scriptos,
1647 566 1727 622 quam
1741 550 1818 609 dcte·

1020 636 1087 704 perit
1098 636 1131 692 ad
1145 636 1365 697 llonlauistarunt
1379 640 1523 708 familiam,
1549 658 1583 698 au
1606 653 1714 715 postea:
1729 661 1760 701 ea
1774 661 1818 704 res

1019 725 1125 784 derebus
1137 729 1224 784 modis
1235 731 1410 803 intelligitur:
1428 733 1468 789 rel
1480 741 1512 789 ea
1522 732 1578 805 ipsa
1592 735 1652 790 libri
1665 735 1759 805 atate,
1776 739 1818 796 rol

1019 833 1051 876 ex
1065 821 1109 888 iis,
1123 838 1183 891 qua
1195 824 1220 878 in
1232 825 1326 893 quouis
1340 825 1410 880 libro
1424 827 1613 893 continentur,
1639 826 1816 886 bloruauisla·

1018 929 1079 969 rom
1094 915 1233 972 doctrinis.
1247 916 1301 973 Sed
1316 917 1365 972 ista
1378 918 1500 988 superior
1510 918 1579 974 ratio
1589 919 1721 991 triplicem
1735 920 1815 979 babel

1018 1005 1223 1066 dubitationem.
1235 1010 1301 1066 Nam
1317 1009 1414 1066 borum
1428 1010 1558 1068 librarum
1573 1012 1617 1067 alii
1634 1021 1688 1068 mm
1701 1026 1754 1069 aon
1769 1028 1815 1070 ou·

1017 1100 1816 1182 terrduntquredaruliujusreiuestigia,utataseorumplane

1016 1196 1052 1250 sit
1070 1194 1252 1266 desperanda:
1268 1198 1313 1252 alii
1326 1198 1362 1253 nil
1376 1197 1629 1268 nobis-relinquunt,
1644 1199 1694 1255 uisi
1710 1209 1738 1254 ut
1763 1199 1813 1256 de-

1017 1288 1178 1345 scendamus
1199 1290 1232 1346 ad
1247 1292 1378 1346 rationem
1394 1290 1601 1361 coniecturalem
1615 1333 1623 1357 ,
1642 1291 1758 1364 denique
1769 1292 1815 1349 alii

1015 1379 1081 1439 daut
1102 1383 1209 1453 quidem
1234 1383 1412 1454 suspicionem
1427 1392 1528 1440 certam
1542 1383 1601 1455 ejus
1623 1384 1683 1440 libri
1705 1395 1812 1443 arlalem

1017 1473 1193 1547 intelligendi,
1207 1475 1254 1531 sed
1269 1474 1319 1531 boc
1330 1477 1456 1532 nimirum
1466 1485 1509 1555 est
1522 1463 1644 1544 dubium,
1659 1486 1748 1534 utrum
1763 1479 1812 1535 isla

1017 1575 1175 1638 tempestate
1199 1566 1254 1637 jaro
1292 1565 1478 1626 Tertullianus
1503 1565 1597 1623 lecerit
1629 1568 1663 1624 ab
1693 1567 1814 1625 Ecclesia

167 1647 280 1717 quidem
306 1648 450 1720 scriptoris.
465 1651 591 1709 usumin
607 1661 727 1724 ueterum
749 1654 962 1712 Christianorum
1016 1657 1400 1724 secessionemautealem,
1425 1657 1496 1719 irride
1508 1655 1678 1724 discesserat,
1690 1659 1813 1717 redierit.

167 1737 303 1800 institutis¹
322 1743 513 1813 cognoscendis
542 1747 659 1802 maxime
682 1746 793 1818 impedit
817 1747 962 1818 dubitatio,
978 1734 1002 1794 Β
1015 1750 1212 1810 Contraaltera
1226 1759 1332 1807 aetatem
1346 1750 1489 1812 deliniendi
1501 1752 1585 1816 ratio,
1599 1758 1728 1821 praterea
1740 1745 1813 1822 quod

164 1832 238 1887 sitne
251 1833 374 1904 quisejos
388 1835 457 1892 bber
470 1846 525 1892 turo
539 1838 666 1909 scriptus,
680 1855 740 1895 eum
751 1841 776 1897 in
790 1841 964 1898 lioruauista·
1015 1859 1070 1899 aon
1083 1843 1199 1899 ‹rccrrrrit
1226 1842 1312 1898 ubiuis
1326 1881 1334 1908 ,
1363 1842 1516 1905 dubitantes
1532 1841 1658 1909 relinquit
1679 1840 1812 1911 lectores,

168 1939 228 1981 roro
243 1939 332 1997 partes
345 1928 525 1998 discessisset,
539 1933 581 1988 rel
596 1945 659 1990 autc
673 1932 743 1991 bane
755 1935 932 1993 delectionem
947 1953 962 1992 a
1015 1938 1085 1993 sitne
1094 1938 1149 2008 jam
1167 1935 1234 1991 lacta
1243 1934 1403 1991 Tertulliani
1423 1933 1573 2013 disiunctio
1582 1933 1617 1989 ita
1630 1974 1638 2001 ,
1654 1942 1684 1989 ut
1696 1948 1725 1990 se
1736 1948 1813 1990 rece·

165 2020 269 2092 puriori
282 2021 423 2078 Ecclesia?
438 2041 498 2096 quae
521 2025 629 2097 quidem
655 2029 768 2098 questio
791 2030 965 2085 veliementer
1015 2030 1085 2101 perit
1098 2031 1131 2084 ad
1144 2027 1311 2100 disciplinam
1325 2026 1462 2092 Montani,
1476 2041 1510 2084 att
1534 2024 1632 2092 tiriaus,
1655 2025 1702 2080 sed
1718 2023 1745 2080 ia
1760 2040 1820 2080 uua.

165 2116 286 2171 exercuit
301 2115 444 2173 ‹tmrorum
468 2118 606 2175 bominum
618 2121 724 2192 ingenia
739 2162 746 2187 ‚
759 2121 905 2194 :mortique
917 2139 965 2179 eos
1014 2124 1135 2179 alterare
1158 2137 1219 2178 cum
1233 2137 1263 2176 ea
1275 2119 1459 2199 communiter
1480 2119 1610 2174 errat-erit
1625 2160 1634 2184 ,
1658 2125 1812 2181 noctiluca

168 2206 204 2260 ad
218 2206 415 2279 intelligendam
432 2209 559 2267 librorum
579 2212 638 2282 ejus
648 2209 779 2279 aetatem,
802 2214 964 2269 nt'lrabere-
1014 2214 1069 2286 jam
1096 2223 1151 2268 tum
1179 2213 1283 2274 miserit
1313 2211 1470 2276 orthodoxae
1510 2208 1814 2280 Ecclesiaeountiumi

169 2314 234 2355 mus
245 2310 341 2372 certam
353 2301 423 2356 uiam
438 2317 454 2358 e
467 2301 632 2360 Tertulliano
648 2304 829 2376 intelligendi,
843 2306 906 2376 quid
921 2322 965 2361 re·
1016 2305 1172 2372 Errimrero,
1184 2304 1254 2361 sicot
1266 2303 1292 2358 lu
1302 2301 1433 2373 ejusmodi
1447 2301 1514 2366 loca,
1530 2300 1575 2355 ubi
1587 2300 1629 2356 uel
1639 2300 1711 2356 nulla
1721 2299 1814 2357 estuel

168 2400 242 2446 teres
253 2376 395 2466 Cirrisliani
410 2393 560 2468 senserint,
571 2397 671 2468 quitlue
682 2397 790 2452 miurus?
806 2397 857 2453 Sed
867 2398 965 2453 'dolen-
1016 2397 1164 2470 dubiaejus
1178 2396 1262 2450 rotatis
1271 2394 1397 2464 suspicio,
1408 2394 1485 2468 alias,
1495 2393 1609 2448 iudicata
1624 2394 1727 2449 ratione
1737 2392 1815 2448 dubi·

165 2486 230 2539 dnm
248 2494 290 2541 est
300 2500 377 2554 sane,
389 2487 486 2542 borum
508 2465 597 2558 altos„
614 2505 715 2561 eosque
726 2491 966 2561 praestantissimas
1016 2490 1101 2556 tandi,
1117 2499 1238 2545 veterum
1252 2485 1334 2543 illud:
1349 2484 1411 2540 Nou
1424 2485 1509 2556 liquet,
1521 2487 1733 2555 interponemus,
1748 2484 1814 2541 alias

164 2578 254 2644 uiros,
271 2581 392 2635 nonnisi
414 2595 498 2635 unum
513 2582 661 2637 alterumue
685 2583 803 2639 libellum
815 2584 964 2654 sumpsisse
1017 2583 1232 2654 etrnjccturarum
1247 2590 1399 2636 nostrarum
1413 2579 1544 2644 rationem
1558 2578 1701 2635 reddemus
1715 2577 1814 2651 proba·

165 2669 300 2739 sibi,alios
313 2671 407 2728 leuiter
420 2685 650 2745 apussusceptum
662 2684 803 2740 tractasse,
816 2675 883 2732 alios
893 2691 963 2747 pra·
1018 2675 1097 2731 bilem
1110 2691 1117 2728 :
1132 2675 1225 2738 sic„ut
1236 2673 1270 2728 de
1283 2673 1349 2728 locis
1360 2671 1469 2742 reliquis
1481 2670 1593 2741 singulis
1603 2672 1728 2728 uttirersc
1742 2659 1816 2728 dica-

163 2762 290 2834 iudicatis
310 2764 481 2836 opinionibus
509 2782 523 2819 a
546 2782 610 2823 uero
622 2767 764 2824 aberrasse
777 2810 784 2834 ,
797 2767 868 2839 quod
883 2769 964 2824 credo
985 2787 990 2794 ·
1016 2782 1087 2833 tuus,
1105 2766 1153 2820 tria
1166 2764 1328 2836 attingemus
1341 2762 1508 2830 breuissime.
1531 2759 1649 2817 Priorum
1664 2762 1813 2835 disputabi-

164 2868 361 2920 causeculuros
374 2857 503 2946 [absenti
514 2859 612 2916 nudam
626 2863 765 2915 ueritatem
775 2860 837 2915 ouidi
853 2859 964 2931 expedi·
1016 2874 1077 2913 rrrrrs
1090 2857 1125 2913 de
1138 2870 1283 2926 aratroque
1294 2854 1327 2909 ad
1341 2852 1514 2918 llorttaaistas
1527 2851 1709 2909 Tertullianus
1736 2852 1812 2910 dele·

165 2951 239 3022 tique
253 2950 365 3008 luissent
377 2952 473 3008 secuti.
488 2952 779 3025 Qtrarc‘eumlcgissem
791 2952 868 3007 istius
879 2952 972 3023 scrip.
1015 2954 1083 3009 terit
1113 2949 1175 3023 (erit
1189 2949 1260 3004 euim
1281 2948 1341 3014 boc,
1369 2945 1439 3002 unde
1453 2946 1578 3002 constitui
1594 2946 1677 3016 possit
1688 2955 1756 3001 artas
1766 2960 1815 3001 eo·

163 3046 231 3102 turis
246 3046 330 3104 libres
342 3055 424 3117 atquc
446 3047 612 3117 relegissem,
628 3055 655 3101 et
680 3047 852 3102 observarem
869 3088 876 3112 ,
903 3060 964 3101 esse
1017 3060 1076 3100 runt
1090 3041 1218 3097 librorum
1235 3081 1243 3107 ,
1263 3053 1376 3112 quorum
1395 3053 1450 3093 nou
1461 3037 1593 3093 ‘doctriua
1608 3035 1739 3107 quidem,
1764 3037 1813 3092 sed

163 3138 253 3196 adbuc
265 3139 294 3195 iu
316 3137 365 3205 iis,
381 3154 453 3209 equae,
465 3137 497 3194 ad
510 3138 638 3194 libroruin
652 3146 757 3193 artatum
772 3138 963 3209 scriptorisque
977 3111 1000 3175 C
1016 3147 1083 3216 auus
1097 3143 1170 3205 patet
1185 3135 1207 3204 );
1219 3132 1310 3187 deiude
1325 3130 1474 3202 uidebimus
1490 3170 1498 3196 ,
1524 3137 1612 3183 utrum
1631 3127 1813 3184 Tertullianus

164 3231 315 3288 doctrinam
328 3232 507 3303 pertinentia,
532 3231 662 3302 disputari
677 3231 778 3288 utiliter
789 3241 917 3302 possent,
930 3234 963 3290 ab
1016 3243 1152 3299 nunquam
1173 3225 1205 3280 ad
1227 3223 1360 3279 saniorem
1371 3219 1672 3292 mentemredierll,sed
1685 3220 1818 3276 manserit

165 3324 230 3380 aliis
250 3338 303 3378 nou
315 3333 541 3387 commemorata,
565 3338 597 3379 ae
621 3323 809 3395 plerorumque
834 3322 962 3379 librarum
1016 3317 1269 3393 partibuslloutaui
1282 3323 1411 3386 perpetuo
1424 3311 1567 3380 addictus:
1584 3321 1710 3382 postrema
1724 3309 1816 3382 admo·

167 3423 280 3472 atatem
291 3417 432 3472 accuratius
444 3430 524 3487 posse
536 3416 662 3472 corrstitui
675 3432 682 3470 ε
693 3416 835 3471 consilium
848 3417 907 3486 cepi
917 3418 963 3472 be·
1018 3415 1134 3472 tuitiones
1160 3409 1289 3483 quasdam
1303 3406 1443 3463 anniuersas
1455 3417 1658 3476 proponemus,
1685 3402 1824 3475 equibus⁴

165 3506 410 3568 nerulodoctoram
421 3509 539 3582 uirurrum
549 3506 651 3579 judicio
678 3505 838 3579 subjiciendi
852 3522 883 3563 ea
899 3522 963 3577 quaa
1014 3508 1077 3581 quis
1086 3505 1236 3576 intelligere
1249 3503 1341 3574 possit,
1351 3516 1385 3553 ao
1400 3496 1645 3567 sinleTertulliani
1658 3497 1734 3553 libris
1743 3512 1813 3553 aon·

163 3616 275 3676 sumpta
287 3619 302 3659 c
315 3603 388 3660 libris
401 3603 560 3661 Tertulliani
575 3602 653 3674 ipsis,
667 3617 728 3678 curu
739 3602 899 3673 scriptorum
912 3616 960 3657 ue·
1014 3599 1080 3656 nulli
1089 3596 1252 3654 Tertulliano
1267 3592 1417 3649 ortlrudoro
1428 3588 1602 3663 quodamsed
1613 3588 1647 3645 ad
1662 3589 1811 3646 llorumria·

163 3707 252 3754 lerum
266 3694 341 3753 lubria
352 3696 465 3767 aliisque
477 3694 664 3766 arrriquilatum
677 3695 856 3749 otrruumctrtis
866 3681 962 3749 collata
1013 3707 1088 3749 ntum
1100 3688 1238 3747 inclinanti
1250 3728 1258 3752 ,
1272 3696 1318 3742 aut
1328 3685 1371 3742 isti
1384 3699 1496 3749 ornnes,
1522 3681 1568 3752 qui
1583 3695 1678 3737 eorum
1689 3694 1814 3736 erronum

162 3783 202 3850 ⁸¹¹,
220 3782 456 3849 delllffllilfflsstliffl
481 3797 541 3838 Μ]
575 3781 664 3837 simle
689 3795 767 3851 l¹⁰sse
794 3781 961 3846 ridebantur.
1014 3784 1080 3841 daut
1102 3781 1306 3852 suspicionem,
1335 3774 1502 3848 Tertulliano
1513 3773 1570 3844 jam
1594 3771 1674 3845 plane
1697 3772 1815 3829 alienato

161 3857 249 3944 Quum
261 3876 369 3947 quidem
380 3875 586 3944 disputationem
601 3874 635 3940 ila
652 3874 830 3937 instituemus,
842 3882 881 3940 ut,
892 3885 962 3943 prae·
1013 3873 1197 3948 adiudicandi.

162 3969 254 4028 missis
267 3969 447 4041 quibusdam,
470 3983 535 4040 quar¹
545 3967 668 4037 uuircrse
680 3963 793 4021 diceudo
806 3973 886 4030 stttti,
903 3966 959 4036 pri·

161 4078 233 4118 muru
261 4073 476 4118 caramentemur
501 4061 536 4116 de
550 4061 625 4137 libri-s
651 4060 705 4125 iis,
729 4073 842 4129 quarunt
856 4068 884 4113 et
896 4066 962 4113 atas

109 4197 120 4216 .
160 4167 303 4213 constaret
318 4155 457 4226 scriptoris
478 4154 618 4219 doctriua,
639 4153 770 4207 aldrrde'iu
784 4166 831 4207 eos
844 4150 960 4221 inquira-

160 4264 223 4306 naus
238 4291 246 4315 ,
264 4250 311 4321 qui
335 4248 443 4320 quidem
457 4262 511 4304 uon
541 4248 641 4303 babent
663 4256 751 4302 certas
763 4245 851 4302 araus
868 4255 961 4312 notas,
1646 4302 1657 4327 ο,

160 4342 209 4397 sed
228 4340 399 4397 Moritarrisrui
412 4350 501 4397 tamen
512 4340 634 4396 convinci
650 4348 782 4410 possuut,
808 4338 849 4394 rel
865 4338 898 4393 ab
912 4337 960 4394 ista
1049 4331 1171 4397 Quonam
1187 4340 1250 4381 uero
1263 4337 1335 4379 aratro
1349 4315 1632 4391 contigissedieamos
1646 4323 1725 4371 blant
1752 4310 1814 4420 Ter·

160 4434 317 4505 suspicione
330 4433 458 4499 libcrari;
484 4431 590 4504 denique
603 4447 669 4498 eris,
690 4445 804 4504 quorum
828 4439 894 4486 :etas
906 4445 958 4485 ιιοιι
1014 4424 1115 4482 tulliaui
1134 4417 1335 4478 delectionem?
1360 4414 1417 4471 lloc
1430 4411 1538 4484 quidem
1554 4426 1604 4468 uec
1628 4419 1717 4482 potest
1728 4424 1812 4481 erip

162 4528 294 4598 ntaiorem
309 4526 390 4582 babet
404 4527 552 4581 claritatem
567 4566 574 4591 ,
598 4522 794 4597 quamindolcs
814 4522 960 4594 doetrinae,
974 4485 1001 4548 D
1014 4522 1071 4576 sius
1083 4533 1133 4574 nec
1148 4532 1181 4572 ex
1192 4514 1261 4569 alius
1277 4510 1415 4582 etrjrrsdam
1429 4506 1570 4577 scriptoris
1584 4503 1738 4560 testimonio
1748 4516 1810 4572 per·

1014 4010 1075 4084 55.
1094 4038 1130 4050 ·-·
1155 4008 1273 4076 Qttounm
1291 4017 1358 4059 antro
1386 3999 1558 4056 Tertullianus
1578 3994 1613 4051 ad
1638 3993 1812 4051 llaulaniatea

1050 4100 1190 4175 deiecerit?
1204 4096 1317 4164 Ulrrrru,
1334 4094 1372 4149 ltir
1386 4092 1529 4158 relictique
1543 4090 1626 4144 denua
1639 4084 1674 4141 ud
1693 4085 1813 4142 arlltoda·

1049 4212 1096 4250 uos
1111 4193 1241 4265 receperit.

162 4621 278 4677 mutatae
289 4621 483 4694 diligenterque
496 4619 674 4676 excutiamus.

181 4761 241 4835 Η.
257 4792 293 4805 ·-
308 4737 465 4830 Quouioaes
477 4761 593 4833 qualum
619 4762 735 4818 universe
754 4771 940 4834 proponuntur.

197 4897 264 4954 llaec
274 4913 340 4955 vero
354 4897 498 4970 disputatio
514 4897 637 4954 uniuersa
653 4906 680 4951 ut
696 4906 841 4967 occupatur
854 4896 959 4954 duabus

159 4990 255 5055 rebus.
268 5000 349 5046 rotate
363 4990 492 5046 librorum
515 5004 547 5045 ac
558 4988 736 5062 lioamnismo
751 5007 757 5041 ε
774 4990 814 5045 sic
826 4988 961 5060 duplicem

160 5081 439 5140 mattaratium
453 5098 506 5138 non
520 5097 649 5154 parram,
663 5090 815 5153 propterca,
831 5082 902 5155 quod
911 5096 961 5137 uec

159 5176 253 5234 ubiuis
264 5176 394 5232 doctrine
413 5176 509 5232 arodus
531 5184 605 5232 certa
617 5176 731 5248 quadam
756 5174 797 5230 uia
812 5189 844 5230 ae
857 5175 961 5231 ratiarre

193 5308 206 5376 (
209 5313 217 5360 l
249 5308 286 5372 Ne
297 5308 355 5375 quid
364 5307 427 5359 lorte
438 5307 563 5358 tueamur
572 5308 670 5359 dedisse
683 5310 786 5373 partium
797 5307 962 5369 studio,uulus

157 5374 200 5427 Jo.
261 5373 299 5424 lei
318 5370 483 5424 testimouium
501 5369 640 5434 adjicimus,
657 5371 721 5451 quod
742 5374 843 5444 propter
863 5371 961 5420 nutriam

157 5438 236 5505 liujus
254 5437 301 5486 riri
321 5439 346 5487 ln
363 5436 477 5485 doctores
494 5433 636 5495 antiquioris
653 5434 770 5485 heclesttll
790 5433 960 5491 acerbitatem,

158 5501 202 5552 llic
211 5512 262 5552 aaa
282 5506 364 5564 qotest
381 5509 438 5547 esse
449 5502 599 5556 suspectum.
613 5493 707 5546 lsvero
725 5492 904 5544 'l'crtulliauum
916 5506 961 5543 ro·

158 5559 354 5627 caminaras
368 5559 402 5610 ad
412 5553 558 5607 normulam
574 5557 709 5619 erudimur,
728 5564 841 5616 acrarum,
854 5553 959 5617 alliam-

1013 4614 1076 4685 cipi;
1091 4625 1178 4681 neque
1196 4607 1368 4677 llieroaqutur
1380 4618 1413 4659 eo
1425 4599 1496 4672 quod
1509 4593 1574 4685 dicit
1587 4594 1632 4667 (lu
1643 4595 1706 4650 libra
1720 4592 1755 4649 dc
1767 4591 1812 4647 vt·

1013 4709 1049 4764 ris
1061 4704 1221 4765 illustribus,
1234 4716 1293 4770 cap.
1303 4698 1349 4754 53.
1365 4696 1392 4751 iu
1403 4692 1449 4750 da.
1458 4692 1516 4746 Alo.
1532 4687 1645 4743 Fabricii
1655 4685 1812 4740 Bibliotheca

1014 4798 1204 4862 Ecclesiastico,
1220 4809 1254 4867 p.·
1268 4790 1343 4864 tua.)
1372 4787 1556 4844 Tertullianum
1568 4778 1688 4853 utquead
1701 4778 1812 4834 oredimrt

1012 4909 1122 4959 atatem,
1139 4890 1259 4948 Ecclesia
1283 4883 1461 4956 Preudqleruut
1481 4877 1625 4940 incuriose,
1649 4872 1750 4945 iusum
1765 4870 1813 4928 dal

990 5001 993 5006 ’
1014 4994 1084 5048 riam
1098 4988 1156 5061 ejus
1172 4985 1212 5041 rei
1226 4978 1393 5039 invenienda·
1410 5016 1417 5041 ,
1438 4972 1585 5045 qtmniam,
1608 4969 1716 5038 quarrdo
1731 4975 1812 5022 nauta

1013 5082 1170 5140 ¹mortuusve
1182 5078 1217 5134 sit
1227 5072 1410 5136 Tertullianus,
1426 5078 1545 5139 quamue
1558 5071 1664 5119 aetalcm
1678 5058 1808 5131 attigerit,

1013 5194 1068 5234 noo
1077 5176 1142 5231 satis
1154 5178 1268 5228 constal.
1283 5164 1336 5222 Sed
1350 5174 1392 5220 est
1404 5158 1581 5233 aliquabujus
1591 5156 1630 5212 rei
1644 5151 1811 5224 reperiendae

1013 5270 1084 5326 ratio
1097 5265 1147 5321 sita
1163 5261 1277 5317 inlibris
1295 5258 1338 5322 lis,
1352 5267 1477 5325 quorum,
1492 5249 1537 5319 qui
1550 5262 1579 5302 sc
1589 5243 1726 5314 excipiunt
1742 5249 1810 5341 tem·

1013 5360 1087 5432 poris
1099 5353 1210 5416 ordine,
1231 5349 1275 5404 alii
1296 5345 1367 5402 oolla
1380 5342 1480 5398 liabent
1503 5332 1675 5394 Moritarrisuri
1689 5339 1809 5400 restrum,

1013 5450 1058 5507 alii
1083 5444 1154 5503 lraud
1184 5455 1279 5514 parma.
1300 5435 1380 5507 Atqui
1394 5448 1449 5489 uos
1469 5426 1645 5486 ostendemus
1658 5436 1707 5478 suo
1730 5420 1810 5486 loco,

1014 5543 1102 5600 nullos
1120 5552 1179 5594 esse
1192 5548 1298 5598 eurum,
1311 5531 1357 5601 qui
1368 5529 1464 5584 librum
1478 5522 1510 5578 tle
1520 5519 1621 5576 Corano
1633 5515 1722 5571 tirililia
1735 5521 1812 5567 atate·
1882 5535 1884 5538 ·

158 5634 223 5687 ω’
234 5625 364 5685 ‘ww’
376 5626 458 5674 mm
468 5617 665 5692 “mmmm
673 5634 710 5672 ⁵¹⁸¹
720 5631 766 5691 ΨΜ
777 5615 960 5692 ¹5⁶⁶¹³⁸⁵⁴¹³¹¹TT
1012 5639 1173 5696 cesserunt,
1190 5626 1216 5682 bt
1230 5624 1326 5696 quibus
1339 5618 1429 5675 islede
1442 5607 1536 5671 auinrre
1547 5608 1689 5668 tettiruauia
1700 5604 1811 5662 ultanus

158 5683 399 5804 ruu'
368 5685 373 5697 ’
400 5680 610 5745 uttldecultrbus
625 5680 901 5746 religiosrslatruorunr,
914 5680 960 5732 bb.
1139 5724 1143 5734 ,
1453 5712 1458 5723 ,
1505 5709 1511 5721 ,
1540 5708 1546 5719 ,
1585 5705 1613 5763 ,η
1647 5702 1668 5763 u
1695 5698 1799 5760 clm

158 5748 186 5811 1,
200 5761 255 5814 “lt
316 5748 392 5814 aad.
1010 5724 1197 5799 est‚equrbus
1208 5718 1333 5794 quaedam
1342 5714 1513 5772 Murrunrsnu
1525 5721 1594 5782 sigor
1614 5718 1686 5764 eae
1801 5737 1812 5768 ‚
