4242 6259
278 273 347 333 ιιιι
447 300 453 308 -
813 271 847 328 ut
865 265 1099 362 runromuuu
1117 223 1393 327 trotuosuouu
1861 274 1932 333 ιιιι

281 396 411 467 majorem
428 394 510 450 tuisse
521 387 1079 464 philosophorumgentiliumquamcaue-
1092 384 1120 445 Α
1131 401 1194 458 pop.
1207 386 1283 458 ill).
1299 386 1399 443 ilerum
1422 401 1513 443 nonne
1532 383 1712 443 Tertullianus
1741 386 1833 444 dicere
1848 388 1935 459 potuit

280 504 373 544 rorum
388 488 551 557 plebeiorum
566 484 715 548 bominum,
728 482 828 539 indeos
842 497 904 538 suos
920 480 1076 550 religionem
1129 479 1269 534 ueritatem
1283 478 1354 545 atina,
1370 479 1494 535 nimirum
1508 478 1638 544 Socratis,
1647 477 1682 536 de
1695 494 1750 551 quo
1759 480 1931 552 loquebatur,

272 581 446 656 ›chrtallian
470 578 614 650 dpoiopct,
630 594 653 631 c.
670 576 715 644 tt,
730 594 757 649 p.
774 573 848 646 553).
872 572 939 628 Nom
954 570 1077 642 plerique
1130 579 1263 641 tempure,
1279 577 1307 627 et
1320 586 1370 627 suo
1383 571 1463 627 etiam
1478 572 1638 643 atque'adeo
1651 588 1749 645 semper
1762 572 1826 629 odio
1841 573 1931 629 bomi-

267 686 376 729 ·omaes
396 670 481 725 avari
498 669 544 725 liei
570 667 728 739 agnitione,
756 673 804 721 aut
835 664 918 737 agniti
944 661 1078 733 praedica-
1131 659 1210 717 nibus
1225 661 1318 718 luisse.
1332 661 1466 734 Quidquid
1484 671 1574 718 autem
1603 663 1782 733 pronunties,
1808 662 1872 719 iude
1887 665 1933 721 ille

279 765 354 822 tione
367 762 406 818 sio
419 759 661 826 abalienabantur,
677 769 706 813 ιιι
729 751 790 813 illos
813 754 995 813 Tertullianus
1008 764 1079 807 nune
1130 751 1264 809 concludit
1274 761 1377 810 muttum
1391 768 1453 812 esse
1472 754 1564 810 odium
1580 754 1721 821 ueritatis,
1736 763 1766 809 nt
1779 754 1933 814 dtireniea·

278 855 433 913 nominibus
445 854 502 910 suis
514 853 645 925 appellari
667 864 896 923 supervacaneum
916 861 978 903 esse
1002 854 1080 916 puta·
1130 858 1175 901 ses
1187 859 1248 900 eam
1264 844 1291 901 in
1304 843 1417 902 Sacrate
1429 845 1538 902 iictitios
1551 844 1617 901 deos
1639 854 1780 903 evertente
1795 847 1861 904 odio
1881 847 1933 904 lra-

278 948 358 1003 nerit.
375 946 471 1002 Nissos
493 955 594 1000 autem·
609 944 669 1000 illas
683 942 727 997 bie
749 940 844 999 iecisse
865 939 990 1003 uidetur,
1015 936 1079 1008 quia
1131 933 1249 992 buerint.
1273 936 1311 994 ile
1336 936 1409 994 iilius
1432 946 1524 994 autem
1552 936 1819 997 condemnationen!
1842 950 1934 999 morte

277 1038 362 1105 alibi,
378 1038 448 1093 siout
459 1036 627 1093 ostendimus
643 1034 750 1105 (supr,
761 1050 817 1106 cap.
832 1033 859 1095 5,
872 1040 922 1086 art.
938 1029 979 1100 i),
995 1040 1079 1083 uanas
1131 1042 1212 1100 supra
1228 1029 1254 1084 in
1265 1029 1452 1101 superioribus
1464 1030 1701 1088 dissertationibus
1725 1031 1760 1088 ibi
1771 1033 1859 1089 citatis
1869 1033 1932 1091 dis·

277 1131 538 1201 absurdissimasque
564 1129 672 1184 illorum
705 1125 742 1183 do
762 1126 827 1190 Deo
845 1123 988 1195 opiniones
1013 1119 1080 1175 satis
1132 1123 1387 1197 putarimus(Snpr.
1401 1142 1425 1181 r.
1440 1124 1486 1190 25,
1501 1132 1551 1179 art.
1566 1125 1608 1194 3).

277 1231 372 1293 aperte
383 1221 625 1276 demonstraverat.
1168 1215 1272 1272 Socrati
1296 1214 1365 1271 dnos
1382 1216 1450 1271 aiios
1473 1215 1650 1288 plriiosopbos
1664 1215 1840 1274 Tertullianus
1862 1232 1936 1275 con·

316 1312 455 1370 Socratem
468 1311 643 1368 nibilominus
665 1308 823 1365 nominatim
838 1309 890 1365 boc
905 1310 962 1380 ipso
976 1311 1002 1365 in
1018 1312 1080 1367 loeo
1129 1308 1218 1380 jungit
1228 1307 1351 1383 (Terruit.
1366 1309 1475 1382 Apotop.
1490 1327 1514 1366 r.
1528 1308 1577 1377 ii,
1593 1328 1621 1381 p.
1633 1302 1708 1380 555).
1721 1325 1834 1381 graecam
1845 1328 1933 1370 anum

279 1407 405 1478 appellat,
420 1420 471 1462 uec
483 1405 617 1460 immerito
629 1402 748 1475 quidem.
760 1401 992 1475 Omniumquippe
1006 1418 1080 1459 mor·
1132 1399 1297 1472 Diogenem,
1318 1399 1432 1457 aiterum
1446 1415 1587 1456 romanum
1600 1391 1762 1458 Varronem.
1787 1403 1821 1457 dt
1833 1403 1935 1460 mltum

280 1500 386 1566 talium,
402 1495 627 1572 quemadmodum
642 1506 720 1551 antea
736 1495 925 1551 annotavimus
949 1495 1079 1570 (dissert.
1133 1492 1247 1548 tortasse
1271 1492 1394 1563 pluribus
1407 1492 1458 1548 erit
1472 1508 1520 1550 our
1531 1494 1614 1565 priori
1636 1495 1793 1549 testimonio
1806 1493 1937 1552 adsersus

279 1591 413 1646 initiunt.
431 1590 532 1657 tlotau,
546 1606 604 1663 cap.
620 1590 647 1651 3,
663 1598 714 1643 ort.
727 1588 766 1660 Ξ),
783 1588 998 1659 sapientissimus
1016 1604 1080 1644 ora·
1133 1582 1259 1639 ethnicos
1271 1584 1296 1639 in
1311 1583 1362 1640 hoc
1373 1592 1401 1639 et
1415 1586 1503 1654 primo
1514 1584 1547 1640 ad
1566 1583 1695 1641 Nationes
1708 1585 1829 1642 librosic
1842 1587 1937 1658 dispu-

279 1681 342 1737 euio
359 1681 490 1752 Apollinis
503 1680 718 1736 declaratusest.
729 1679 782 1735 Sed
797 1680 1022 1750 illequantumris
1034 1696 1080 1737 sa·
1134 1684 1171 1731 tet
1188 1693 1195 1730 z
1210 1675 1333 1749 Diogenes
1346 1719 1354 1745 ,
1371 1677 1468 1747 inquit,
1484 1677 1569 1732 nescio
1581 1677 1643 1749 qaid
1663 1678 1689 1731 iu
1703 1676 1843 1734 Herculem
1855 1680 1938 1748 ludit,-

279 1774 357 1846 piens
368 1773 492 1840 babitus,
519 1773 546 1826 iu
559 1772 663 1828 deonna
679 1770 871 1836 conlanwliam,
886 1773 923 1826 ait
935 1772 1075 1829 Tertullia·
1092 1770 1157 1835 Bia
1170 1767 1301 1825 aiioltbro
1315 1767 1416 1842 insitii.
1429 1768 1450 1823 Ι.
1463 1770 1501 1824 ud
1512 1768 1622 1825 Notion.
1636 1786 1660 1824 c.
1674 1770 1719 1836 tu,
1739 1789 1766 1841 p.
1782 1772 1859 1845 576).
1871 1772 1938 1829 Nam

276 1881 340 1932 nus,
355 1880 489 1936 quercum,
501 1875 525 1918 at
540 1866 648 1926 triacum.
665 1873 687 1918 et
697 1879 785 1917 aaaron
804 1863 933 1934 dejerabat
945 1862 1079 1936 (Torserit,
1136 1861 1248 1926 tantine,
1265 1868 1394 1930 arguent,
1410 1860 1538 1930 ponderis
1550 1869 1594 1917 est
1608 1861 1665 1918 turc
1681 1866 1894 1933 argumentum,
1910 1873 1941 1920 ut

279 1956 330 2011 loc.
344 1954 414 2026 cit).
427 1954 482 2010 Nos
496 1971 560 2010 cero
582 1955 713 2026 Rigaitius
726 1954 761 2010 ibi
778 1955 894 2010 monitos
907 1970 969 2011 esse
997 1956 1084 2012 voluit
1134 1952 1220 2022 repeti
1236 1952 1386 2008 nterucrit'l
1398 1950 1425 2009 st
1443 1952 1579 2010 rtesciebat
1594 1954 1664 2009 onim
1677 1953 1860 2011 Tertullianus
1872 1957 1938 2027 quid

279 2049 309 2106 in
330 2049 423 2104 codice
434 2048 562 2104 Tuldensi
586 2048 646 2103 hue
659 2048 743 2103 rerba
761 2057 784 2102 ct
798 2064 886 2103 canem
899 2048 995 2104 abesse
1010 2065 1017 2101 :
1033 2048 1083 2104 sed
1136 2043 1272 2114 Diogenes
1283 2044 1348 2101 lusit
1366 2044 1391 2099 in
1407 2044 1546 2101 liert-ulem
1561 2086 1569 2111 ‚
1582 2046 1645 2116 quid
1669 2045 1733 2102 inde
1745 2057 1839 2102 contra
1857 2045 1940 2104 laisos

279 2139 380 2195 sufficit
391 2138 513 2209 protecto
527 2154 557 2194 ea
571 2124 598 2194 iu
610 2140 670 2195 aliis
690 2140 817 2194 omuibus
831 2139 955 2210 reperiri.
970 2137 999 2194 in
1011 2140 1082 2197 libro
1133 2137 1353 2208 gentiliumdeos
1366 2138 1500 2194 conticere
1520 2139 1641 2207 poterat?
1663 2138 1730 2208 Quis
1749 2155 1817 2196 uero
1830 2140 1882 2197 iste
1893 2151 1939 2197 est

280 2242 370 2288 autern
385 2231 420 2287 ad
434 2230 561 2287 Nationes
582 2231 682 2287 erravit
704 2230 831 2286 librarius
857 2230 944 2286 Ιιιιιιιιι
959 2246 1008 2302 pro
1028 2232 1084 2286 trir-
1135 2231 1291 2304 iiiugeuest
1313 2232 1467 2288 Dictaeum
1493 2231 1519 2287 id
1533 2232 1642 2287 diiiicilo
1656 2233 1701 2295 sit.
1716 2233 1825 2304 quidam
1850 2236 1941 2306 suspi-

190 2321 193 2324 ’
279 2324 491 2380 conscribendo
506 2324 636 2396 (ldenql.
651 2321 986 2396 aauocutttpeta).
1002 2323 1082 2379 Plura
1133 2335 1229 2381 carum
1252 2324 1394 2396 iegerrdum
1410 2323 1559 2396 Diaporcs,
1576 2327 1619 2396 qui
1640 2324 1749 2396 quidem
1763 2328 1824 2397 quia
1838 2325 1872 2381 ad
1885 2341 1934 2383 co·

278 2425 369 2473 autern
384 2417 504 2473 nosalibi
516 2416 753 2473 retulimusdeillo
765 2415 886 2472 Socratis
894 2407 1082 2488 iureiurando,
1134 2414 1267 2489 quendam
1282 2431 1388 2472 coenam
1399 2418 1460 2488 igne
1472 2418 1590 2482 carebat,
1606 2418 1640 2473 ab
1656 2417 1780 2474 tiereuiis
1794 2419 1941 2476 simulacro

278 2509 423 2581 palamque
447 2507 560 2567 ieoirnus
584 2508 679 2564 iliada
703 2508 785 2564 uariis
801 2508 984 2586 [scriptoribus
1008 2511 1083 2567 varie
1136 2508 1249 2580 petiisse
1277 2508 1444 2580 perhibetur,
1475 2519 1502 2565 ut
1517 2509 1685 2581 procleeimo
1702 2510 1938 2569 tertiooertatnine

279 2599 407 2670 quidem,
431 2599 480 2656 sed
494 2614 631 2670 uuuquarn
655 2600 714 2655 sine
736 2599 849 2655 deorum
873 2610 1029 2672 contempta
1054 2608 1084 2659 et
1134 2602 1206 2658 illam
1219 2612 1390 2673 excoqueret.
1404 2602 1457 2660 Sed
1482 2603 1545 2660 huie
1567 2603 1749 2660 emendationi
1763 2603 1939 2660 adversantur

280 2690 379 2762 injuria
393 2689 488 2747 reterri
502 2689 819 2764 (vermiculationi.
837 2710 862 2750 a.
875 2693 970 2750 ibant.
987 2694 1028 2765 Ι).
1134 2711 1230 2754 omnes
1240 2695 1350 2752 omnino
1360 2696 1477 2753 oodiees.
1494 2695 1578 2753 Nobis
1600 2697 1692 2767 itaque
1707 2739 1715 2765 ,
1733 2696 1827 2752 borum
1839 2705 1935 2753 aueto-

316 2781 400 2838 edutt
420 2791 548 2853 practerea
572 2782 754 2839 Tertullianus
780 2784 920 2841 Socratem
942 2785 976 2840 ab
997 2784 1082 2842 Athe·
1135 2789 1207 2846 citati
1221 2788 1399 2855 codonatum,
1422 2788 1501 2844 iaeiie
1516 2788 1721 2859 persuadebitur
1734 2789 1769 2845 ab
1784 2788 1830 2844 iilo
1843 2788 1942 2860 bioge·

280 2874 420 2930 aiensibus
433 2883 521 2931 morte
543 2874 643 2931 idciroo
664 2875 841 2944 damnatum,
866 2876 928 2948 quia
943 2876 1010 2933 deos
1022 2877 1085 2934 des·
1135 2867 1197 2941 nem
1210 2882 1351 2958 Cynicum,
1365 2873 1697 2946 sicutibidemia'rronem
1707 2883 1830 2955 opiticum
1843 2883 1942 2953 appel·

280 2968 402 3033 truebat;
422 2968 471 3024 sed
484 2982 532 3025 eos
545 2971 654 3025 taudem
677 2970 775 3041 inique
799 2968 980 3027 damnationis
995 2971 1083 3041 poeni-
1135 2978 1193 3032 lari.
1207 2976 1273 3046 Quis
1290 2976 1361 3032 euim
1386 2976 1472 3033 nescit
1499 2976 1673 3048 quantumin
1692 2975 1802 3031 bariani
1818 2975 1941 3046 Diatogis

280 3060 364 3117 tentia
364 3061 411 3124 sio
420 3070 505 3128 actos,
513 3070 541 3115 ut
551 3062 728 3116 criminatores
749 3060 876 3131 Sanctis,
888 3062 985 3133 inquit,
996 3072 1084 3135 portata
1136 3069 1265 3125 Hercules
1298 3069 1333 3125 ab
1360 3069 1412 3125 loo
1436 3069 1496 3140 ipso
1524 3069 1643 3141 Diogene
1666 3069 1757 3141 cprrioo
1780 3066 1940 3124 derideatur

280 3153 424 3227 afflixerit!
444 3151 576 3226 (Tttlilb
592 3153 780 3227 »49010901-‚0-
803 3153 847 3219 Η,
862 3172 888 3226 p.
910 3155 996 3226 554),
1012 3153 1121 3222 i'lde‘C
1139 3162 1268 3236 (Latiari.
1297 3162 1416 3235 Dialog,
1437 3172 1512 3218 morl.
1538 3163 1584 3232 tto,
1611 3180 1638 3234 p.
1661 3163 1722 3217 idi.
1746 3172 1769 3217 at
1785 3171 1851 3217 aeter
1864 3171 1940 3217 attat.

282 3244 347 3301 iicet
359 3243 479 3300 Uillium
494 3252 591 3312 ῐΰθῐῑθι
609 3255 688 3315 i¹i¹¹⁰
700 3246 784 3301 ⁸¹l¹i⁰
805 3249 934 3317 duptam,
957 3247 1086 3319 titulati·
1135 3275 1162 3329 p.
1188 3254 1274 3328 taopt
1288 3254 1422 3312 Praeterea
1448 3245 1537 3311 exstat
1562 3254 1626 3312 illud
1640 3251 1752 3310 Ausonii
1761 3254 1941 3326 epigramma,

282 3352 342 3393 aera
354 3339 409 3410 ejas
423 3337 542 3395 Socratis
554 3355 658 3396 auream
671 3340 698 3394 in
712 3339 806 3412 tempto
820 3339 969 3396 collocarint
982 3340 1084 3412 (Plato.
1135 3363 1189 3419 qcro
1200 3347 1330 3419 Diogenes
1341 3347 1482 3404 lierculern
1497 3357 1640 3404 sectusute
1650 3356 1788 3403 auctorem
1800 3344 1871 3415 baud
1882 3347 1945 3404 siue

282 3427 393 3501 Apolop.
410 3428 526 3498 Sacrae,
537 3439 599 3485 tom.
616 3430 661 3498 ΙΙΙ,
674 3448 735 3502 pap.
745 3430 820 3503 iub).
835 3429 934 3488 Torum
948 3447 963 3486 a
976 3431 1086 3490 Laertio
1134 3441 1197 3511 joco
1211 3440 1309 3496 iecisse
1321 3440 1433 3496 traditur
1452 3459 1459 3495 :
1852 3439 1857 3446 ’

282 3520 390 3589 seriptis
404 3520 530 3575 traditam
546 3520 659 3591 legimus
675 3539 682 3575 ι
712 3529 812 3583 Χαιιις
823 3526 908 3585 alatne
920 3530 1084 3593 teipsum,

282 3625 360 3675 cerco,
369 3623 423 3665 non
437 3625 531 3678 aurea,
544 3613 655 3683 imagine
668 3612 855 3669 honoraverunt
869 3614 1038 3689 (iamdiu
1048 3616 1083 3687 ΙΙ,
1148 3674 1151 3680 ,
1234 3637 1332 3690 pipp&
1344 3639 1668 3706 fflupogpcpmmppoe,

282 3702 310 3754 ira
323 3702 375 3754 rita
391 3700 505 3770 Sacrae,
520 3703 535 3775 ᾖ
550 3704 608 3774 ta).
622 3704 794 3776 Quapropter
802 3706 979 3764 Casaubonus
991 3717 1019 3764 et
1030 3708 1087 3766 ile-
1203 3698 1290 3774 illidi
1300 3703 1421 3765 T⁰⁰¹1d²¹1¹
1429 3701 1524 3776 tamam
1534 3703 1635 3774 ‘1⁰⁰i0t0
1646 3702 1769 3776 &widin
1781 3715 1788 3750 ²

1231 3763 1302 3814 Naue
1312 3775 1362 3826 ego
1372 3777 1427 3816 sum
1438 3764 1541 3829 Cpnrces
1551 3777 1655 3828 prmus,
1667 3769 1694 3816 et
1705 3763 1749 3815 tlte
1759 3762 1836 3815 deas.

1591 3847 1860 3917 litwardum-m

1199 3576 1317 3628 inventor
1326 3577 1419 3640 primus
1426 3575 1531 3643 Cynices
1542 3590 1599 3640 ego.
1612 3577 1673 3639 Quae
1684 3579 1747 3629 ratio
1758 3577 1860 3630 iubeor

284 3791 380 3861 nagius
402 3791 429 3846 in
444 3792 603 3849 Tertulliani
631 3803 703 3849 textu
719 3796 826 3850 restitui
851 3797 946 3853 uolunt
971 3813 1083 3866 ereum,

282 3883 380 3953 hicque
403 3883 516 3938 miratur
543 3883 706 3954 iiigaitium,
723 3886 768 3956 qui
783 3885 864 3957 buius
883 3888 1084 3947 emendationis

282 3973 414 4030 monitum
435 3975 530 4031 lecerit
544 3974 689 4031 rrenrinem.
710 3976 763 4032 Sed
779 3978 869 4034 minus
883 3988 959 4036 certe
981 3981 1084 4037 tuiran·
1136 3976 1173 4032 dt
1194 3991 1286 4033 nouae
1300 3976 1365 4033 iilud
1384 3987 1427 4034 est
1448 3977 1540 4034 nescio
1557 3979 1642 4049 quid,
1668 3978 1740 4049 quod
1755 3976 1944 4033 Tertullianus

283 4065 334 4124 dus
347 4068 384 4124 ibi
396 4053 537 4140 Rigaltius,
551 4070 596 4126 ubi
608 4070 743 4141 vulgatm
752 4073 875 4141 sequitur
887 4073 1011 4130 codicum
1026 4091 1086 4132 urn-
1137 4068 1543 4127 licreoiisdiuinitatcmablroc
1554 4070 1944 4142 btogeneirrisanraontesta-
2045 4081 2052 4090 ·

283 4160 358 4217 ntum
370 4161 533 4230 tectionem,
558 4177 638 4234 quan
652 4162 712 4219 attis
731 4165 852 4234 ptumus
879 4166 905 4221 iu
921 4166 1013 4234 locis,
1040 4167 1085 4224 abi
1138 4162 1199 4217 tart
1212 4160 1241 4218 Si
1250 4171 1338 4218 tamon
1351 4177 1413 4218 aaut
1428 4163 1462 4218 ad
1483 4163 1713 4234 alternaturam,
1730 4178 1745 4216 ι
1761 4161 1881 4219 bucano
1895 4173 1945 4217 aar

283 4261 380 4310 contra
406 4255 576 4311 manifestam
591 4257 698 4313 iliorum
720 4255 802 4314 tidem
829 4259 964 4316 sincerum
978 4258 1086 4317 Tertul·
1137 4255 1191 4311 aiio
1205 4264 1392 4323 memoratam,
1406 4256 1558 4312 irrisionem
1569 4255 1721 4329 respexisse
1733 4254 1873 4322 ostendas,
1893 4253 1944 4310 tibi

283 4345 349 4404 ilani
360 4355 462 4416 testum
473 4349 634 4416 immutavit,
649 4358 676 4405 et
686 4353 815 4421 corrupit.
1137 4361 1192 4402 nou
1205 4348 1408 4404 reluctabimur.
1428 4349 1557 4419 eramris
1581 4364 1663 4421 porro
1684 4347 1752 4405 illud
1777 4349 1863 4403 neraia
1875 4346 1943 4419 qaid

320 4439 387 4509 Quiq
401 4439 611 4512 &gestientes
622 4441 688 4498 deos
702 4445 842 4514 gentilium
856 4445 990 4515 negando,
1000 4443 1086 4500 Athe·
1138 4439 1290 4506 titbaldum
1315 4441 1377 4511 quid
1404 4452 1493 4496 lamen
1518 4441 1636 4498 ethnicis
1664 4443 1860 4513 incompertum
1884 4455 1943 4496 aun

287 4531 421 4589 niensium
431 4533 522 4589 οιΙΙιιιιι
537 4534 564 4589 Ιιι
577 4548 607 4589 se
621 4535 815 4599 concitaverat.
827 4533 891 4591 bine
902 4534 1125 4608 Tertullianum
1141 4536 1209 4597 erat,
1223 4529 1285 4587 ltine
1298 4531 1428 4588 adversus
1440 4531 1546 4588 iliorum
1560 4532 1626 4588 deos
1636 4541 1711 4590 recte
1733 4537 1944 4603 argumentatur

285 4624 456 4683 cotttinenter
469 4628 583 4698 attiecit:
596 4625 680 4683 Pione
690 4629 761 4692 oiim,
777 4627 805 4682 id
818 4637 866 4694 ert,
882 4629 1086 4701 temperaretur
1137 4622 1261 4697 (Diserti.
1277 4628 1304 4679 iu
1316 4623 1389 4681 lert.
1406 4641 1430 4681 c.
1446 4626 1491 4690 Sl,
1506 4636 1556 4681 art.
1573 4623 1612 4697 t).

286 4719 345 4774 odio
359 4730 406 4774 cst.
421 4719 474 4777 Sed
499 4721 525 4775 iu
541 4719 651 4777 dubium
673 4719 744 4775 baud
765 4734 876 4789 prorsus
888 4720 1024 4776 immerito
1035 4719 1088 4774 ali·
1174 4716 1310 4772 [latitabit
1324 4715 1436 4775 torsitau
1450 4719 1548 4789 aliquis
1561 4727 1650 4775 utrum
1664 4719 1734 4774 alter
1748 4714 1941 4789 pitilosoplttrs.

287 4814 348 4885 quis
369 4814 475 4869 vocabit
494 4824 582 4870 utrum
599 4813 765 4876 intuereris,
781 4812 875 4876 idest,
900 4826 1009 4882 semper,
1024 4809 1087 4866 baio
1137 4809 1182 4880 qui
1193 4810 1227 4866 ab
1239 4825 1273 4865 eo
1284 4818 1394 4866 vocatur
1415 4812 1502 4869 llarro
1515 4812 1645 4884 cynicus,
1663 4812 1687 4867 is
1700 4811 1752 4879 sit,
1762 4812 1840 4881 eujrts
1850 4808 1946 4865 erudi·

286 4909 373 4967 textrti
396 4917 490 4980 postea
517 4908 616 4963 inserta
637 4908 701 4962 sint.
715 4905 848 4972 Quorsum
861 4905 950 4971 euim,
965 4905 1088 4975 inquiet,
1139 4904 1238 4959 tionem
1251 4905 1342 4973 tantis,
1356 4913 1387 4981 ut
1400 4905 1526 4971 ridinurs,
1542 4904 1666 4962 laudibus
1677 4905 1777 4962 ellinici
1787 4901 1943 4970 morbac,

287 5000 329 5057 tris
343 4999 525 5055 Tertullianus
538 4997 627 5054 serbis
637 4995 793 5052 adverbium
805 4994 867 5049 olinr
879 4994 1085 5066 explicatisset?
1138 5006 1232 5069 totque
1242 4997 1277 5055 de
1287 4999 1463 5071 religionibus
1485 4999 1568 5057 libros
1584 5006 1782 5071 composuerat
1799 4995 1943 5067 Numquid

285 5094 380 5150 Nonne
393 5092 542 5164 simplicius
552 5091 647 5146 dicore·
658 5099 781 5160 poterat:
803 5087 912 5162 Semper
923 5090 1015 5143 rentur
1024 5088 1084 5144 odio
1135 5092 1207 5149 enim
1221 5093 1266 5149 iile
1279 5095 1359 5149 etiam
1370 5093 1403 5148 de
1411 5093 1462 5150 diis
1473 5094 1558 5163 jocari
1571 5109 1652 5150 ausus
1661 5093 1721 5149 esti
1734 5090 1829 5161 Quidni
1838 5091 1852 5144 t
1861 5088 1944 5146 Nou·

285 5187 345 5242 ert?
358 5185 427 5254 Quid
450 5183 521 5256 quod
536 5182 692 5240 minerbium
706 5181 768 5236 olim
781 5195 830 5252 pro
844 5180 939 5252 quovis
962 5190 1085 5252 tempore
1136 5202 1170 5242 ae
1187 5187 1214 5240 iu
1227 5187 1441 5243 Arrctorisnostri
1452 5186 1484 5242 ad
1502 5186 1631 5243 Nationes
1642 5186 1718 5243 tibris
1729 5185 1946 5256 legimusrouur·

284 5279 489 5352 significandos
515 5278 625 5349 i'irgiiio
644 5277 777 5342 sumitur,
798 5275 842 5332 ubi
856 5276 928 5332 canit
943 5293 949 5328 :
964 5273 1026 5330 luna
1039 5275 1083 5330 tibi
1136 5278 1164 5332 ui
1178 5278 1238 5349 alpii
1252 5277 1376 5349 Dioqencr
1396 5277 1476 5332 Varro
1495 5287 1617 5333 trecentos
1629 5265 1721 5337 lorea.
1735 5276 1786 5331 rire
1806 5270 1945 5344 tapetem
2010 5340 2016 5352 ⁶

284 5372 439 5446 praeualidos
452 5370 513 5427 olim
535 5369 643 5443 (l'r'rpil.
655 5369 701 5425 tit.
716 5368 757 5436 ΙΙ,
770 5366 864 5440 Georg.
887 5383 912 5422 a.
929 5366 991 5423 iQQ.
1001 5376 1025 5422 et
1037 5367 1084 5423 tir.
1136 5372 1323 5443 (manuscripti
1338 5371 1422 5427 nostri
1432 5369 1552 5438 codices,
1568 5367 1711 5443 sripturas)
1731 5366 1867 5422 dicendam
1879 5373 1941 5428 ert.

285 5463 353 5527 liiii.
370 5460 479 5517 AEnet‘d·
494 5477 519 5517 i·
533 5460 617 5529 3905
641 5460 668 5516 ld
678 5468 737 5527 tsi,
765 5459 851 5529 inquit
862 5458 991 5522 sorcius.
1014 5460 1084 5513 anmi
1136 5464 1324 5536 airoecapitibttt
1346 5463 1445 5520 inducit
1460 5461 1557 5535 (Tere,
1572 5462 1616 5517 ul.
1628 5460 1650 5527 Ι,
1670 5460 1705 5514 ad
1721 5457 1828 5514 Notion.
1843 5474 1869 5514 r.
1882 5455 1942 5523 tu,

283 5568 405 5630 tempore.
422 5555 545 5612 Posthac
567 5570 631 5611 vero
643 5554 713 5612 idem
726 5563 804 5625 poeta
820 5568 828 5610 :
845 5551 907 5608 Noa
921 5570 993 5610 aaut
1007 5562 1085 5625 atqua
1135 5575 1163 5629 p.
1175 5554 1251 5626 576).
1263 5555 1437 5626 dtquomodo
1448 5556 1507 5612 sine
1518 5553 1643 5610 irrisione
1656 5561 1696 5607 tot
1705 5551 1788 5608 tores
1803 5548 1942 5606 iuduoara

285 5652 348 5706 olim
361 5651 476 5715 tonitru,
499 5649 551 5707 hoo
563 5660 621 5718 est,
642 5657 671 5704 ut
695 5646 784 5704 adbuc
797 5647 924 5705 observat
947 5648 1082 5706 Servius:
1136 5646 1346 5718 potuitiNonue
1359 5645 1487 5702 Niuutius
1500 5645 1588 5712 Telis,
1605 5643 1798 5700 Tertullianum
1814 5648 1943 5697 nostrum

283 5739 353 5795 Fare
367 5752 394 5795 at
407 5744 480 5798 rotet.
497 5740 568 5796 Nam
580 5759 630 5798 noa
641 5741 834 5799 ert'adrerbiam
846 5744 967 5816 tenrporir
982 5743 1082 5815 (Seru,
1135 5738 1301 5797 hauddubie
1320 5747 1446 5809 meatus,
1476 5737 1544 5796 ditit
1564 5751 1626 5796 esso
1639 5746 1676 5793 tot
1701 5733 1774 5792 toria
1801 5741 1944 5799 ιιιοιιιιια.
