4242 6259
176 333 230 397 tut
621 290 625 297 ’
811 336 916 397 unna
939 334 988 398 uo
1006 336 1202 400 scsruunu.
1774 342 1830 408 aas

175 451 283 509 aliunde
304 450 449 510 noscibiles
470 465 551 526 quam
573 449 608 511 dc
629 450 819 510 emendatione
843 453 971 511 vitiorum
985 453 1355 528 Aquorumdanrpracsidun
1368 455 1590 533 tioipropoucre,
1603 456 1648 531 qui
1662 456 1828 517 inlineritas

116 594 120 605 .
174 545 362 618 pristinorum.
382 543 461 601 iustu
480 545 553 602 enim
567 551 598 601 ut
616 543 726 618 indigue
738 543 858 601 ieramus
871 559 905 601 ea
918 558 969 601 nos
1024 563 1081 606 sum
1093 548 1227 606 recordati
1242 558 1307 606 sunt
1320 550 1485 622 deliquisse,
1500 551 1571 623 quod
1590 560 1734 609 vexassent
1752 550 1827 610 cirri·

175 641 230 714 pati
241 657 299 713 quaa
314 649 450 712 optamus,
466 651 512 698 ιιι
523 642 652 699 ultionem
665 658 679 695 a
693 641 771 698 nobis
784 639 902 715 aliquam
915 657 973 699 ma·
1024 645 1122 700 tianos.
1138 645 1266 716 Vigellius
1286 645 1447 703 Saturninus
1475 647 1515 720 (ὅ)
1530 648 1575 719 qui
1596 649 1698 720 primus
1715 647 1757 704 liic
1770 647 1827 721 gla-

174 735 325 805 eltluemur,
339 751 419 809 quom
434 751 449 793 a
465 737 521 793 ileo
533 747 732 807 exspectamus.
1024 737 1126 794 diumin
1142 754 1191 795 nos
1203 741 1266 812 egit,
1282 741 1381 797 lumina
1392 741 1490 798 amisit
1503 742 1737 800 ClaudiusLucius
1753 743 1821 802 ller-

246 904 250 911 ι
400 826 401 829 ’
497 829 611 890 carui
624 830 671 890 ΙΙΙ.
1023 832 1160 889 minianus
1182 833 1244 906 ld)
1269 833 1296 890 in
1315 832 1493 906 Cappadocia,
1515 849 1577 890 cum
1601 834 1712 908 indigue
1733 834 1823 893 lenens

209 923 310 982 'lamen
337 924 428 1000 (sicut
459 940 542 998 supra
568 925 711 999 diximus)
747 924 888 985 doleamus
905 924 972 983 ‘'ne·
1026 940 1137 982 uxerem
1157 925 1281 984 snamad
1295 926 1365 985 hanc
1378 940 1480 985 sectam
1504 927 1650 997 transisse,
1665 926 1829 989 christianos

172 1033 248 1076 eesse
262 1027 313 1085 est,
327 1019 399 1092 qnod
422 1019 494 1076 nulla
516 1018 612 1076 ciuitas
633 1019 744 1092 impune
757 1019 845 1076 latura
860 1018 895 1077 sit
906 1034 971 1079 sau·
1023 1017 1169 1076 crudeliter
1182 1027 1333 1089 tractasset,
1347 1020 1475 1094 solusque
1489 1022 1517 1078 in
1533 1022 1659 1093 practorio
1669 1037 1719 1080 suo
1730 1033 1824 1081 rasta·

171 1112 260 1185 guinis
280 1113 368 1170 nostri
391 1112 552 1172 effusionem
567 1112 618 1187 (a),
634 1112 705 1171 sicut
718 1122 746 1171 et
759 1113 810 1171 sub
832 1112 972 1171 Hilariano
1021 1119 1066 1169 tos
1086 1121 1162 1183 peste
1169 1110 1216 1185 (el,
1226 1128 1288 1169 cum
1310 1112 1388 1170 uitus
1408 1114 1544 1171 vermibus
1553 1114 1692 1172 ebullisset
1704 1114 1741 1188 (f)
1757 1114 1799 1188 (l)
1815 1135 1824 1176 a

170 1206 287 1279 preside
298 1204 348 1282 (i),
364 1222 426 1264 cunr
448 1206 484 1264 de
505 1207 577 1265 areis
598 1208 797 1280 sepulturarum
818 1219 971 1266 nostrarum
1022 1203 1109 1261 Nemo
1124 1205 1310 1276 scioqaicuat,
1333 1221 1369 1265 ne
1391 1206 1431 1279 (8)
1459 1206 1594 1280 gaudeant
1612 1205 1751 1264 christiani
1772 1207 1826 1282 (9).

169 1300 383 1357 acclamassent:
398 1302 473 1359 Arete
485 1319 538 1358 non
549 1302 601 1358 sint
612 1300 671 1375 (l);
687 1317 758 1359 aree
773 1302 892 1376 ipsomm
916 1317 971 1362 nnn
1023 1300 1121 1359 Postea
1130 1302 1238 1373 cognito
1252 1315 1346 1359 errore
1364 1317 1426 1371 suo,
1441 1301 1514 1374 quod
1536 1302 1680 1359 tormentis
1693 1300 1825 1375 quosdam

109 1382 115 1403 ⁸
168 1393 289 1452 luerunt.
303 1395 405 1453 Messes
418 1396 491 1453 enirn
506 1409 568 1451 suus
585 1410 639 1451 uon
654 1405 777 1467 egerunt.
794 1392 927 1452 Ceterum
943 1404 971 1453 et
1022 1407 1039 1450 a
1053 1393 1191 1464 proposito
1211 1408 1262 1450 stro
1275 1392 1405 1451 excidere
1423 1392 1550 1458 lecisset,
1564 1408 1634 1464 pene
1655 1391 1823 1451 christianus
1992 1468 1998 1475 ,

167 1485 256 1544 imbre
271 1490 280 1557 l
293 1486 334 1561 ι)
351 1488 414 1544 anni
438 1487 566 1560 preteriti
592 1487 657 1560 quid
680 1489 871 1545 commeruerit
884 1503 969 1560 genus
1021 1482 1147 1542 decessit.
1161 1481 1286 1541 Catilius
1298 1484 1406 1555 Capella
1420 1485 1446 1541 in
1462 1484 1520 1562 ¹¹¹9.
1521 1485 1593 1559 esitus
1608 1484 1751 1558 bysantino
1760 1484 1819 1558 let:
1846 1479 1874 1536 ff
1882 1492 1900 1519 a
1967 1470 1971 1479 ’
1989 1476 2049 1521 :a

166 1577 317 1635 humanum
337 1579 478 1650 apparuit,
502 1576 692 1651 cataclysmum
713 1577 818 1636 scilicet
840 1588 869 1635 et
893 1587 969 1637 rctm
1024 1575 1165 1636 dinarium
1179 1579 1288 1652 gandete
1302 1578 1356 1651 (l),
1376 1577 1546 1634 exclamauit.
1561 1579 1614 1636 Sed
1628 1578 1714 1650 etqui
1729 1577 1824 1679 uiden,-

166 1671 206 1743 (3)
232 1671 315 1727 luisse
333 1680 442 1743 propter
461 1671 660 1729 incredulitates
684 1681 711 1727 et
737 1670 892 1744 iniquitates
917 1671 969 1729 lto·
1029 1679 1073 1739 tur
1095 1670 1145 1727 sibi
1159 1669 1218 1744 (Ιθ)
1242 1670 1352 1743 impune
1365 1671 1470 1738 tulisse,
1485 1670 1594 1728 uenient
1608 1671 1635 1727 in
1650 1671 1720 1755 diem
1740 1671 1825 1730 divini

166 1766 289 1831 minnm3
323 1774 352 1823 et
385 1766 460 1837 ignes
486 1766 531 1839 qui
561 1780 643 1838 super
675 1766 775 1824 incenia
799 1764 969 1838 Carthaginis
1019 1763 1125 1847 judicii.
1144 1763 1205 1821 'libi
1227 1778 1335 1837 quoque
1353 1774 1479 1836 optamus
1504 1764 1715 1822 admonitionem
1737 1765 1824 1824 solam

166 1858 290 1943 prosime
305 1856 490 1937 pependerunt
502 1873 551 1930 per
564 1867 682 1925 noctem,
697 1858 762 1930 quid
783 1859 877 1915 minati
900 1859 965 1927 sint,
981 1834 1120 1926 Binissc,
1150 1857 1304 1931 quodcum
1325 1856 1520 1917 adrimeticum
1544 1858 1670 1916 liauilum
1704 1858 1763 1930 (ΙΙ)
1788 1860 1823 1917 ad

165 1948 254 2007 sciunt
264 1948 309 2020 qui
325 1946 466 2018 uiderunt;
480 1958 509 2006 et
519 1949 633 2022 pristina
649 1951 765 2008 tonitrua
778 1950 842 2024 quid
854 1966 967 2009 sunaue·
1019 1951 1120 2009 bestias
1147 1950 1325 2019 damnasses,
1347 1959 1375 2009 et
1386 1951 1476 2009 statim
1487 1951 1547 2009 tec
1558 1951 1664 2009 vexatio
1677 1951 1822 2011 subsecuta

167 2049 242 2105 ruint,
256 2040 346 2097 sciunt
357 2040 402 2113 qui
415 2039 611 2099 obduruerunt.
633 2040 729 2099 Omnia
744 2041 802 2099 hec
814 2042 889 2116 signa
903 2052 967 2101 suns
1019 2051 1077 2112 est,
1091 2051 1118 2099 et
1128 2057 1199 2100 nuno
1218 2059 1251 2099 ex
1269 2043 1363 2101 eadem
1385 2059 1479 2102 caussa
1492 2043 1672 2117 interpellatio
1684 2043 1824 2118 sartguinis

164 2132 331 2191 imminentis
345 2133 393 2190 ire
407 2134 465 2203 oet,
481 2149 561 2205 quarn
581 2149 693 2191 necesse
704 2145 756 2203 est,
770 2135 966 2208 quoquomodo
1017 2134 1499 2214 (ipsedmemcntodccaetcrolp'l.
1559 2194 1562 2199 .

163 2236 320 2301 possumus,
336 2236 366 2284 ut
378 2236 407 2284 et
418 2229 626 2294 annuuntieunus,
639 2237 667 2286 et
677 2228 865 2300 praedicemus,
877 2239 904 2286 et
917 2228 965 2286 de·
1331 2229 1445 2289 curti
1469 2230 1515 2291 ti.

163 2337 307 2394 precemur
341 2321 449 2382 interim
483 2321 595 2379 localem
629 2337 691 2380 esse
719 2321 794 2395 (lla
826 2324 964 2381 uniuersa-
1051 2319 1111 2378 tlon
1140 2328 1167 2378 te
1193 2328 1343 2389 terremus,
1370 2322 1414 2394 qui
1441 2338 1491 2388 nec
1516 2324 1641 2397 timemus
1664 2347 1671 2385 ι
1694 2331 1743 2388 sed
1776 2347 1823 2392 re-

164 2413 220 2472 lenn
243 2414 315 2470 enim
336 2422 364 2471 et
385 2429 537 2486 supremam
561 2428 612 2471 suo
634 2415 901 2488 temporcscnticnt,
917 2416 962 2489 qui
1016 2414 1081 2485 lim,
1100 2424 1130 2472 ut
1152 2430 1247 2475 omnes
1266 2417 1356 2473 saluos
1389 2415 1479 2474 iacere
1509 2419 1661 2490 possimus,
1685 2426 1822 2483 monendo

163 2504 290 2577 exempla
309 2504 367 2579 ejus
381 2506 459 2563 aliter
472 2506 692 2579 interpretantur.
708 2505 774 2564 Nom
788 2506 869 2585 etsol·
880 2507 925 2565 ille
937 2509 964 2566 in
1017 2519 1054 2579 μι
1088 2514 1223 2579 duumuir.
1256 2508 1337 2566 Potes
1369 2518 1397 2565 et
1428 2507 1518 2567 olllcin
1545 2510 1740 2583 jrrrisdictionis
1769 2526 1822 2576 lue

163 2609 299 2657 conuentu
314 2598 435 2656 Uticensi
458 2598 509 2674 (cl,
533 2599 651 2657 extincto
674 2615 743 2674 pene
765 2600 967 2668 lumine,adeo
1017 2599 1523 2674 iungi,etlnumaoitatismeminisae,
1541 2603 1823 2676 uelquiactrossuis
1866 2671 1874 2681 ,
1972 2656 2001 2687 ,.

164 2701 318 2764 portentum
338 2691 406 2763 init,
425 2704 456 2749 ut
471 2708 525 2749 nou
545 2676 665 2766 potuerit
684 2709 719 2751 ex
732 2693 968 2773 'ordinariodeli-
1019 2694 1111 2768 gladio
1122 2693 1197 2751 estis.
1211 2693 1282 2766 Quid
1294 2694 1367 2751 enim
1381 2694 1498 2767 amplius
1511 2696 1558 2752 tibi
1573 2697 1727 2768 mandatur,
1740 2718 1821 2773 quant
1844 2678 1870 2703 '²

165 2784 228 2857 quio
251 2782 303 2840 ltoc
324 2785 397 2856 pati,
421 2784 526 2856 positus
542 2785 569 2841 in
583 2800 633 2841 suo
647 2785 807 2859 hypsomate
820 2794 848 2844 et
857 2786 968 2844 domici·
1020 2796 1150 2846 nocentes
1163 2786 1303 2845 confessos
1313 2786 1457 2856 damnare,
1471 2798 1601 2860 negantes
1614 2801 1705 2850 autem
1715 2795 1749 2852 ad
1761 2806 1818 2854 tor·

164 2873 202 2935 lio
213 2875 265 2950 ld).
280 2875 391 2934 Habetis
402 2876 570 2952 astrologos.
585 2876 733 2936 Possumus
746 2893 823 2951 seque
840 2889 867 2934 ct
882 2879 969 2938 esitus
1020 2890 1111 2940 menta
1125 2880 1277 2940 reuocaret
1291 2878 1394 2938 Videtis
1406 2895 1472 2954 ergo
1483 2882 1620 2954 quomodo
1634 2884 1687 2958 ipsi
1697 2900 1745 2944 ros
1756 2902 1822 2947 con-

779 2991 971 3058 motiones
990 2996 1199 3056 innituit-ts,

194 3085 232 3155 ll)
247 3088 359 3144 Pmide
370 3089 435 3144 odat
443 3088 520 3144 llltetu
1017 3092 1114 3143 manus
1127 3090 1206 3143 Vatia
1218 3089 1243 3141 d.
1254 3088 1346 3140 Lucius
1363 3087 1552 3142 Geromioiauns
1568 3089 1661 3148 lttttt'tts
1679 3093 1816 3161 moestu

193 3150 233 3396 ξι)
249 3150 347 3204 muros
359 3152 465 3205 ιιιοιιιι.
1017 3151 1422 3217 teqersduusiiuinsdeminlanus.

224 3217 233 3274 )
249 3214 358 3274 seilicet,
372 3224 399 3268 et
408 3226 478 3268 retro
488 3216 550 3266 len.
1049 3214 1087 3342 (ἐξ
1103 3214 1191 3266 Cutem
1203 3216 1266 3266 ium.

1076 3346 1086 3402 i

207 3276 651 3349 lllenrecemstrlntetim.!oetlem
659 3275 737 3351 ittet..
860 3339 867 3351 ι
976 3303 1000 3370 c
1101 3242 1704 3351 Pomelt‘usittterlecitspgqurqmmm

161 3281 963 3456 ..Ι
1058 3338 1542 3455 e

195 3463 234 3531 (6)
251 3462 303 3519 dlii
313 3464 348 3518 tt
356 3465 416 3521 Luc.
427 3466 637 3531 lltesmniaisons,
652 3460 698 3519 olii
710 3477 720 3518 .·
731 3463 824 3520 Lucius
839 3465 964 3533 Hierony·
1062 3466 1091 3518 tt
1120 3465 1308 3520 Adrumeticum
1318 3462 1553 3519 uttornnettrun
1563 3464 1642 3520 mss

852 3568 1133 3630 COMMENTARIUS.

165 3685 564 3744 mosamiieamnsodoreant
574 3687 716 3761 numine.
730 3684 872 3758 sedprece
883 3701 960 3756 pura.
1014 3686 1117 3744 urbana
1139 3698 1199 3758 quae
1218 3684 1308 3742 uiden
1327 3685 1457 3742 crustica
1479 3693 1593 3757 propter
1610 3686 1771 3760 elegantiam
1791 3701 1821 3753 st

160 3755 231 3814 llam
249 3758 410 3816 sacridcinm
424 3760 539 3816 nonnisi
559 3774 609 3832 per
628 3771 723 3831 preces
741 3764 770 3815 et
788 3772 838 3831 per
851 3759 962 3817 intem·
1015 3758 1142 3815 nitorem.
1156 3758 1267 3816 Sueten.
1278 3757 1306 3814 io
1317 3755 1402 3830 (alig.
1418 3758 1534 3829 capili,
1546 3768 1574 3816 et
1586 3759 1615 3815 in
1625 3763 1745 3833 Augusto
1756 3778 1817 3838 cap.

158 3829 262 3885 tioncru
274 3828 648 3889 sacrifieatmamoderetur.
662 3831 731 3889 Puri.
1014 3830 1060 3888 ia.
1077 3831 1164 3887 linsu.

197 3898 276 3957 (ill).
293 3900 378 3956 ΙΙΙ.-
393 3902 518 3986 (allisos
531 3903 702 3959 nullociritos
715 3902 819 3975 impone
830 3902 962 3958 lutsrnsit.
1051 3900 1085 3975 (Ι)
1115 3900 1246 3959 Verurilus
1263 3900 1401 3958 ebullisset.
1416 3900 1597 3973 llicrougmus
1620 3903 1647 3960 in
1669 3902 1817 3974 llilarionc.

160 3968 233 4028 ilinc
246 3971 310 4029 illud
325 3972 963 4046 Cyprianinrartyris:necunquanninquiqim
1015 3972 1131 4030 Arenesc
1153 3975 1223 4047 regio
1242 3975 1398 4045 serpentium
1417 3983 1441 4028 ιι
1466 3982 1644 4030 venenatorum
1665 3976 1818 4037 uuintoliuus

160 4043 267 4114 piorrrnr
278 4045 382 4102 scelere
397 4046 423 4101 io
438 4057 559 4101 nostrum
575 4061 672 4102 numen
691 4046 855 4116 exsurgitur,
867 4055 896 4103 at
908 4061 965 4103 nou
1016 4045 1129 4101 stultiori
1141 4045 1342 4100 multtitndinem.

160 4115 255 4173 statuo
265 4115 396 4172 diuinitus
409 4116 528 4174 tirsdicta
538 4118 691 4174 comitetur.
703 4118 791 4174 linsu.
1052 4116 1081 4190 (g
1110 4114 1144 4172 ln
1159 4117 1205 4173 illo
1214 4118 1284 4172 exito
1298 4114 1448 4187 durentiae.
1461 4114 1570 4173 Exitum
1592 4117 1659 4174 dicit
1674 4133 1706 4176 ea
1719 4119 1815 4189 torna,

199 4184 241 4258 (b)
254 4188 328 4244 Areos
338 4205 390 4244 uon
404 4188 464 4245 sirm
478 4187 638 4247 imnueteria
653 4189 784 4258 intelligit.
799 4187 877 4244 Ludit
890 4188 963 4246 enirn
1016 4200 1069 4260 qua
1083 4189 1231 4253 nrtcritum,
1246 4197 1275 4243 ut
1288 4187 1335 4242 lio.
1352 4187 1387 4243 de
1397 4190 1594 4247 resurrectione
1609 4191 1718 4248 ctrrnis:
1733 4191 1818 4251 Nemo

157 4254 190 4314 itt
205 4273 285 4314 uince.
303 4257 371 4314 llam
385 4275 446 4315 crim
462 4259 508 4315 ille
520 4260 711 4327 acclamasset,
731 4260 805 4315 Arete
825 4276 877 4314 arou
899 4260 959 4326 sint,
1014 4260 1101 4313 urllruc
1113 4258 1253 4332 Baitylonis
1278 4259 1347 4313 exitu
1371 4260 1451 4329 gieoit,
1468 4268 1495 4313 ct
1518 4259 1564 4315 tio.
1588 4259 1650 4318 adv.
1675 4260 1785 4322 tudens
1807 4281 1816 4321 ι

159 4325 294 4385 intellexit
309 4329 344 4386 de
358 4330 520 4401 sepulturis3
535 4347 597 4386 rum
612 4347 718 4386 rursum
729 4331 794 4386 dicit
810 4349 817 4385 ε
832 4332 905 4387 Arete
918 4331 962 4399 ip·
1014 4327 1120 4385 Emitum
1135 4329 1240 4395 Cirristi,
1251 4329 1277 4386 id
1287 4339 1338 4395 est,
1349 4340 1474 4384 mortem.
1490 4330 1552 4389 liro.

156 4415 250 4456 sorum
262 4417 313 4455 non
334 4404 448 4473 luerint,
465 4403 591 4473 intelligit
606 4401 639 4457 de
653 4403 725 4458 areis
739 4403 878 4457 rncssium.
891 4403 961 4457 Area
1045 4402 1088 4471 ΙΙι)
1108 4401 1246 4456 Christiani
1263 4400 1381 4473 gandete.
1402 4399 1554 4458 indicendae
1571 4404 1743 4461 exultationis
1757 4407 1813 4463 lor·

157 4480 251 4527 autern
274 4488 323 4537 stro
335 4473 491 4529 conuento
505 4477 630 4539 suuntur,
645 4472 769 4533 Pontius.
789 4473 920 4527 iliaconus
933 4473 963 4528 in
1013 4472 1086 4527 mula
1110 4471 1169 4536 luit.
1196 4470 1370 4528 conuerti.
1386 4472 1463 4539 Quod
1483 4475 1563 4528 etiarn
1577 4475 1706 4532 ducimus
1720 4490 1756 4531 ex
1769 4491 1817 4532 au·

155 4542 228 4600 actis
240 4542 372 4616 Cypriani.
391 4542 514 4615 Sepultus
523 4556 561 4601 est
579 4542 680 4621 luneseia
692 4542 802 4601 Condidi
812 4557 961 4613 procurato·
1012 4557 1062 4598 ren
1076 4558 1186 4598 nunrmo
1207 4542 1359 4597 ttnnrninni
1373 4542 1497 4606 Caesaris.
1512 4543 1539 4600 in
1553 4559 1607 4615 quo
1620 4547 1681 4600 dum
1696 4546 1817 4604 victoriae

156 4613 208 4668 ris.
221 4612 329 4671 Etenim
340 4614 499 4670 Cmnretcrta
513 4624 639 4672 vocarant
659 4625 764 4672 ueteres
779 4616 921 4668 Arenarias
933 4623 962 4669 et
1013 4615 1120 4684 cippum
1134 4614 1278 4678 sustinent,
1293 4628 1354 4668 eum
1371 4614 1545 4683 inscriptione
1559 4631 1567 4668 ε
1582 4614 1817 4675 Gattourulto-

156 4698 241 4741 areas
267 4694 296 4740 ut
312 4686 469 4742 testiiicatur
482 4686 502 4741 l.
517 4685 694 4759 Bulengerus,
707 4698 768 4756 cap.
789 4683 836 4753 ti,
852 4684 900 4742 lilr.
914 4683 960 4754 ΙΙΙ,
972 4652 1000 4716 D
1014 4684 1110 4740 marli.
1136 4684 1295 4739 l’rudcurius
1318 4684 1470 4740 Gntlrerncr.
1494 4685 1546 4739 suli
1583 4687 1661 4740 llnrrn
1676 4704 1684 4741 ι
1701 4684 1817 4746 Gaudete

156 4754 196 4812 de
206 4757 336 4826 Templis.
351 4756 417 4814 Luc.
1013 4757 1138 4828 quidquid
1159 4757 1270 4828 pontianus
1286 4765 1333 4811 est.
1347 4755 1484 4817 Martialis,
1498 4755 1545 4818 xi,
1562 4755 1607 4810 62.
1621 4756 1695 4814 inc·

195 4828 235 4897 lc)
258 4825 428 4884 inconventus
448 4828 571 4886 Uticensi.
581 4822 773 4886 usrcnlrnca
785 4825 912 4899 oppidum
924 4828 963 4884 cl·
1051 4829 1083 4898 li)
1111 4827 1144 4883 Et
1166 4843 1233 4882 nuuc
1245 4842 1278 4882 es
1288 4828 1377 4881 eodeni
1391 4842 1469 4881 creusa
1487 4827 1659 4896 interpellatio
1671 4828 1814 4902 sanquinisr

154 4895 232 4954 sium
245 4899 327 4954 llum.
341 4900 451 4956 coturnis
464 4913 552 4957 irruite
581 4900 682 4964 nobile,
706 4910 736 4956 ut
761 4908 804 4957 est
823 4899 893 4969 npud
907 4899 962 4957 Pli·
1013 4898 1128 4972 Senpula
1143 4902 1233 4955 station
1249 4907 1308 4967 post
1325 4897 1482 4955 damuatunt
1505 4896 1629 4955 liauiltun
1652 4902 1817 4962 acutissimae

154 4969 278 5026 nieme
303 4980 378 5040 parct
389 4983 479 5029 antem
492 4974 645 5029 distinctam
656 4969 740 5028 luisse
754 4972 781 5028 in
800 4979 960 5033 conuentus.
1016 4971 1157 5040 cuiusdam
1184 4968 1352 5039 agritudinis
1372 4968 1493 5026 cruciatu
1513 4971 1604 5026 uexari
1622 4987 1658 5027 ca
1697 4983 1817 5045 rat,quo

154 5041 245 5124 instar
266 4986 425 5111 lep'anim
451 5060 531 5116 qnam
558 5043 709 5100 citeriorem
733 5043 919 5100 inconventus
944 5041 961 5097 7
1014 5044 1104 5121 ιιιιιιιι
1117 5053 1182 5105 suurn,
1196 5056 1256 5094 cunr
1270 5039 1663 5110 imcscriberetSeptimius,o
1691 5046 1815 5103 iteratum

152 5112 272 5169 disisam
287 5113 370 5169 luisse
383 5113 483 5170 Plinius
498 5123 636 5178 autorest,
651 5112 721 5169 sicut
734 5114 861 5170 Baeticam
885 5116 913 5170 in
927 5112 958 5170 l.
1014 5113 1042 5169 ln
1054 5112 1226 5170 Christianos
1240 5113 1370 5167 soevitiam
1391 5112 1481 5168 denuo
1495 5111 1651 5167 vexabatur.
1675 5112 1815 5173 Clamare·

156 5180 216 5239 llos
230 5183 301 5240 idern
316 5195 395 5240 uiuent
406 5184 550 5253 luridicos,
561 5186 632 5258 quod
645 5186 700 5242 illic
713 5201 763 5242 suo
772 5186 872 5257 quique
884 5185 961 5258 oppi-
1010 5191 1053 5240 rat
1078 5183 1111 5238 ud
1133 5184 1215 5239 iterun
1226 5196 1273 5239 sau
1294 5184 1334 5243 uis
1347 5183 1525 5252 christianus,
1548 5182 1689 5240 acclivium
1739 5184 1812 5243 tien·

153 5252 195 5311 do
206 5253 312 5310 linitirni
329 5256 403 5312 disee
423 5268 519 5313 errent.
545 5257 698 5314 istiusmodi
712 5266 859 5313 convolutus
879 5256 961 5314 hodie
1011 5255 1054 5310 tie
1064 5198 1504 5326 norasinsupeiinueratl’arious
1512 5254 1653 5323 exemplis,
1665 5200 1737 5310 serfa
1727 5271 1808 5311 casts-

153 5323 281 5382 sdlemnt
295 5326 365 5394 apud
379 5272 547 5385 (licinianos
568 5328 665 5399 oppida
675 5328 819 5399 episcopiis
834 5329 958 5401 insignia,
1010 5340 1039 5383 sa
1053 5325 1097 5382 lon
1116 5342 1133 5383 e
1151 5326 1252 5398 dispari
1267 5327 1414 5384 Petilianus
1425 5326 1563 5383 Donatista
1577 5326 1640 5382 ads.
1655 5324 1812 5386 catholicos

234 5397 335 5453 suntad
348 5413 459 5456 caussas
471 5402 567 5456 attinet
578 5399 783 5457 ecclesiasticos.
796 5399 878 5470 igitur
891 5414 959 5455 con·
1011 5343 1156 5470 pugnafim.
1180 5406 1209 5453 ut
1231 5398 1324 5456 uidere
1335 5409 1377 5454 est
1402 5400 1428 5454 in
1444 5397 1634 5456 dissertatione
1654 5398 1808 5469 Augustini.

212 5476 268 5524 turn
286 5468 441 5526 Uticensem
453 5473 558 5542 accipe,
573 5486 621 5542 pro
634 5480 719 5528 tractu
731 5471 784 5544 {qui
793 5470 959 5541 juridictioni
1009 5469 1118 5526 Etenim
1133 5468 1279 5526 Petilianus
1290 5469 1447 5526 terribiliter
1467 5484 1619 5540 proponere
1636 5485 1719 5529 ausus
1730 5478 1774 5526 est
1785 5479 1814 5529 ct

151 5536 326 5599 Enccnstnrn
341 5540 555 5614 subjectuserat.
569 5543 657 5599 trun.
1009 5540 1102 5597 dicere
1118 5558 1125 5596 :
1140 5540 1193 5597 Sed
1206 5551 1232 5595 ut
1245 5550 1337 5595 eoeteru
1351 5554 1459 5607 emmiu,
1478 5541 1508 5595 in
1522 5541 1613 5596 uestris
1623 5541 1748 5614 exemplis
1764 5541 1815 5596 od·

152 5608 245 5741 “xli
259 5609 365 5668 Potitus
376 5614 403 5668 in
416 5629 463 5668 suo
477 5614 633 5687 ltgpsontote.
649 5613 738 5672 Utitur
759 5610 897 5668 vocabulis
915 5624 960 5668 as·
1009 5615 1099 5668 uertite
1119 5613 1286 5683 insectatores
1309 5613 1472 5685 quamplures
1482 5627 1514 5666 oe
1526 5612 1627 5679 iudices
1642 5621 1740 5670 ιιιιιοι
1754 5628 1814 5686 pes·

209 5694 326 5811 ¹ogosroetqim
337 5683 451 5811 quuens
462 5684 497 5741 de
510 5687 603 5757 eclipsi
614 5685 730 5758 quadarn
741 5684 873 5750 solis,non
882 5684 956 5738 ordi·
1008 5684 1164 5740 secutionem
1177 5682 1248 5739 rsolis
1260 5685 1379 5755 {sciendo
1399 5683 1514 5754 periisse.
1527 5682 1587 5739 llio.

151 5767 234 5810 nara
336 5772 349 5811 r

152 5794 246 5889 ami:
259 5771 342 5894 suprpa
355 5826 484 5910 uclcertc
495 5838 571 5885 extra
585 5828 686 5887 nodum
696 5828 800 5887 lunare.
816 5828 883 5887 Eoo.
1008 5841 1118 5886 manere
1131 5826 1234 5889 scilieet
1243 5827 1372 5889 ultionem
1385 5836 1515 5887 aeternam
1526 5828 1608 5903 longe
1617 5825 1813 5887 lormidabilio·

150 5948 178 5971 „.
196 5892 238 5967 le)
255 5894 560 5970 summitterem
574 5915 629 5958 sse.
651 5899 810 5961 Pretorium
833 5908 874 5958 eat
892 5898 955 5958 silla
1005 5913 1075 5957 rem.
1110 5899 1169 5959 lito.
1662 5950 1666 5957 .

386 5755 480 5828 igiosa,
497 5758 575 5828 positi
586 5759 698 5824 scilieet,
720 5764 750 5813 ut
772 5770 843 5811 nunc
862 5753 956 5813 audire
1043 5755 1078 5827 li)
1100 5755 1154 5812 Sed
1175 5766 1298 5811 memento
1313 5757 1345 5810 dc
1365 5766 1466 5811 cetero.
1494 5753 1551 5811 Hoc
1576 5762 1628 5822 est,
1650 5753 1686 5813 de
1709 5753 1811 5824 loturo,

832 6094 848 6127 Ι
