<?xml version="1.0" encoding="UTF-8"?>
<!DOCTYPE html PUBLIC "-//W3C//DTD XHTML 1.0 Transitional//EN"
    "http://www.w3.org/TR/xhtml1/DTD/xhtml1-transitional.dtd">
<html xmlns="http://www.w3.org/1999/xhtml" xml:lang="en" lang="en">
 <head>
  <title>
</title>
<meta http-equiv="Content-Type" content="text/html;charset=utf-8" />
  <meta name='ocr-system' content='tesseract 3.04.00' />
  <meta name='ocr-capabilities' content='ocr_page ocr_carea ocr_par ocr_line ocrx_word'/>
</head>
<body>
  <div class='ocr_page' id='page_1' title='image "./patrologiaecurs137unkngoog/patrologiaecurs137unkngoog_0487.png"; bbox 0 0 4242 6259; ppageno 0'>
   <div class='ocr_carea' id='block_1_1' title="bbox 151 249 1809 373">
    <p class='ocr_par' dir='ltr' id='par_1_1' title="bbox 151 249 1809 373">
     <span class='ocr_line' id='line_1_1' title="bbox 151 249 1809 373; baseline 0.001 -9"><span class='ocrx_word' id='word_1_1' title='bbox 151 261 221 366; x_wconf 72' lang='lat' dir='ltr'><strong>&#39;suu</strong></span> <span class='ocrx_word' id='word_1_2' title='bbox 358 339 384 373; x_wconf 49' lang='lat'><strong>‚1</strong></span> <span class='ocrx_word' id='word_1_3' title='bbox 724 295 951 360; x_wconf 68' lang='lat' dir='ltr'><strong>ormunruno</strong></span> <span class='ocrx_word' id='word_1_4' title='bbox 967 297 1002 362; x_wconf 87' lang='lat' dir='ltr'><strong>o.</strong></span> <span class='ocrx_word' id='word_1_5' title='bbox 1019 298 1065 359; x_wconf 84' lang='lat' dir='ltr'><strong>uu</strong></span> <span class='ocrx_word' id='word_1_6' title='bbox 1083 249 1245 359; x_wconf 62' lang='lat' dir='ltr'><strong>nonant(</strong></span> <span class='ocrx_word' id='word_1_7' title='bbox 1754 302 1809 367; x_wconf 85' lang='lat' dir='ltr'><strong>uss</strong></span> 
     </span>
    </p>
   </div>
   <div class='ocr_carea' id='block_1_2' title="bbox 128 412 1818 5776">
    <p class='ocr_par' dir='ltr' id='par_1_2' title="bbox 128 412 1818 5776">
     <span class='ocr_line' id='line_1_2' title="bbox 158 412 1807 494; baseline -0.002 -15"><span class='ocrx_word' id='word_1_8' title='bbox 158 419 284 494; x_wconf 75' lang='lat' dir='ltr'><strong>liugnam</strong></span> <span class='ocrx_word' id='word_1_9' title='bbox 298 416 410 488; x_wconf 84' lang='lat' dir='ltr'><strong>scribit,</strong></span> <span class='ocrx_word' id='word_1_10' title='bbox 422 417 459 476; x_wconf 89' lang='lat' dir='ltr'><strong>ibl</strong></span> <span class='ocrx_word' id='word_1_11' title='bbox 473 416 612 475; x_wconf 76' lang='lat' dir='ltr'><strong>demones</strong></span> <span class='ocrx_word' id='word_1_12' title='bbox 622 417 658 477; x_wconf 85' lang='lat' dir='ltr'><strong>ab</strong></span> <span class='ocrx_word' id='word_1_13' title='bbox 669 415 818 475; x_wconf 83' lang='lat' dir='ltr'><strong>Esorcistis</strong></span> <span class='ocrx_word' id='word_1_14' title='bbox 835 414 996 477; x_wconf 80' lang='lat' dir='ltr'><strong>uomina-A</strong></span> <span class='ocrx_word' id='word_1_15' title='bbox 1009 412 1074 470; x_wconf 85' lang='lat' dir='ltr'><strong>tlanl</strong></span> <span class='ocrx_word' id='word_1_16' title='bbox 1088 415 1245 485; x_wconf 83' lang='lat' dir='ltr'><strong>reipublicae</strong></span> <span class='ocrx_word' id='word_1_17' title='bbox 1254 413 1365 474; x_wconf 85' lang='lat' dir='ltr'><strong>inutiles</strong></span> <span class='ocrx_word' id='word_1_18' title='bbox 1375 423 1454 485; x_wconf 83' lang='lat' dir='ltr'><strong>sunt,</strong></span> <span class='ocrx_word' id='word_1_19' title='bbox 1468 415 1561 488; x_wconf 85' lang='lat' dir='ltr'><strong>quanti</strong></span> <span class='ocrx_word' id='word_1_20' title='bbox 1574 429 1642 489; x_wconf 78' lang='lat' dir='ltr'><strong>erqo</strong></span> <span class='ocrx_word' id='word_1_21' title='bbox 1655 416 1807 489; x_wconf 75' lang='lat' dir='ltr'><strong>estimatis,</strong></span> 
     </span>
     <span class='ocr_line' id='line_1_3' title="bbox 158 507 1807 585; baseline 0.001 -16"><span class='ocrx_word' id='word_1_22' title='bbox 158 513 207 570; x_wconf 87' lang='lat' dir='ltr'><strong>tim</strong></span> <span class='ocrx_word' id='word_1_23' title='bbox 223 513 330 585; x_wconf 70' lang='lat' dir='ltr'><strong>lagatos</strong></span> <span class='ocrx_word' id='word_1_24' title='bbox 342 511 382 568; x_wconf 91' lang='lat' dir='ltr'><strong>sic</strong></span> <span class='ocrx_word' id='word_1_25' title='bbox 396 512 488 584; x_wconf 84' lang='lat' dir='ltr'><strong>otique</strong></span> <span class='ocrx_word' id='word_1_26' title='bbox 498 512 657 568; x_wconf 74' lang='lat' dir='ltr'><strong>testificatur</strong></span> <span class='ocrx_word' id='word_1_27' title='bbox 671 528 679 568; x_wconf 75' lang='grc' dir='ltr'><strong>ε</strong></span> <span class='ocrx_word' id='word_1_28' title='bbox 694 509 770 578; x_wconf 79' lang='lat' dir='ltr'><strong>Quod</strong></span> <span class='ocrx_word' id='word_1_29' title='bbox 783 510 859 566; x_wconf 84' lang='lat' dir='ltr'><strong>toute</strong></span> <span class='ocrx_word' id='word_1_30' title='bbox 876 510 954 566; x_wconf 83' lang='lat' dir='ltr'><strong>etiam</strong></span> <span class='ocrx_word' id='word_1_31' title='bbox 1005 520 1094 579; x_wconf 85' lang='lat' dir='ltr'><strong>quoue</strong></span> <span class='ocrx_word' id='word_1_32' title='bbox 1108 507 1134 563; x_wconf 89' lang='lat' dir='ltr'><strong>in</strong></span> <span class='ocrx_word' id='word_1_33' title='bbox 1147 507 1234 579; x_wconf 86' lang='lat' dir='ltr'><strong>pretio</strong></span> <span class='ocrx_word' id='word_1_34' title='bbox 1246 522 1295 564; x_wconf 88' lang='lat' dir='ltr'><strong>eos</strong></span> <span class='ocrx_word' id='word_1_35' title='bbox 1308 507 1430 576; x_wconf 75' lang='lat' dir='ltr'><strong>bamus,</strong></span> <span class='ocrx_word' id='word_1_36' title='bbox 1444 508 1490 580; x_wconf 92' lang='lat' dir='ltr'><strong>qui</strong></span> <span class='ocrx_word' id='word_1_37' title='bbox 1505 515 1545 566; x_wconf 92' lang='lat' dir='ltr'><strong>tot</strong></span> <span class='ocrx_word' id='word_1_38' title='bbox 1557 508 1713 579; x_wconf 80' lang='lat' dir='ltr'><strong>damnaria,</strong></span> <span class='ocrx_word' id='word_1_39' title='bbox 1736 519 1807 570; x_wconf 87' lang='lat' dir='ltr'><strong>tant·</strong></span> 
     </span>
     <span class='ocr_line' id='line_1_4' title="bbox 156 590 1804 680; baseline -0.005 -18"><span class='ocrx_word' id='word_1_40' title='bbox 156 608 255 680; x_wconf 75' lang='lat' dir='ltr'><strong>peritur</strong></span> <span class='ocrx_word' id='word_1_41' title='bbox 268 616 295 662; x_wconf 90' lang='lat' dir='ltr'><strong>ut</strong></span> <span class='ocrx_word' id='word_1_42' title='bbox 305 621 351 679; x_wconf 80' lang='lat' dir='ltr'><strong>prr</strong></span> <span class='ocrx_word' id='word_1_43' title='bbox 360 605 499 661; x_wconf 78' lang='lat' dir='ltr'><strong>exorcistas</strong></span> <span class='ocrx_word' id='word_1_44' title='bbox 510 620 571 661; x_wconf 90' lang='lat' dir='ltr'><strong>uoce</strong></span> <span class='ocrx_word' id='word_1_45' title='bbox 582 605 712 673; x_wconf 87' lang='lat' dir='ltr'><strong>bumana,</strong></span> <span class='ocrx_word' id='word_1_46' title='bbox 727 614 752 661; x_wconf 88' lang='lat' dir='ltr'><strong>et</strong></span> <span class='ocrx_word' id='word_1_47' title='bbox 773 611 896 677; x_wconf 79' lang='lat' dir='ltr'><strong>patruele</strong></span> <span class='ocrx_word' id='word_1_48' title='bbox 915 600 955 657; x_wconf 80' lang='lat' dir='ltr'><strong>dl·</strong></span> <span class='ocrx_word' id='word_1_49' title='bbox 1005 614 1059 672; x_wconf 89' lang='lat' dir='ltr'><strong>que</strong></span> <span class='ocrx_word' id='word_1_50' title='bbox 1077 613 1193 670; x_wconf 79' lang='lat' dir='ltr'><strong>scpeer</strong></span> <span class='ocrx_word' id='word_1_51' title='bbox 1209 598 1290 656; x_wconf 87' lang='lat' dir='ltr'><strong>robis</strong></span> <span class='ocrx_word' id='word_1_52' title='bbox 1302 598 1463 672; x_wconf 78' lang='lat' dir='ltr'><strong>depellunt?</strong></span> <span class='ocrx_word' id='word_1_53' title='bbox 1786 590 1804 605; x_wconf 70' lang='lat'><strong>&#39;⁶</strong></span> 
     </span>
     <span class='ocr_line' id='line_1_5' title="bbox 159 694 1809 773; baseline -0.001 -17"><span class='ocrx_word' id='word_1_54' title='bbox 159 701 218 757; x_wconf 86' lang='lat' dir='ltr'><strong>siau</strong></span> <span class='ocrx_word' id='word_1_55' title='bbox 232 700 397 773; x_wconf 77' lang='lat' dir='ltr'><strong>ptuquletur,</strong></span> <span class='ocrx_word' id='word_1_56' title='bbox 413 707 437 754; x_wconf 87' lang='lat' dir='ltr'><strong>et</strong></span> <span class='ocrx_word' id='word_1_57' title='bbox 450 707 559 768; x_wconf 86' lang='lat' dir='ltr'><strong>uratur,</strong></span> <span class='ocrx_word' id='word_1_58' title='bbox 573 708 597 754; x_wconf 85' lang='lat' dir='ltr'><strong>et</strong></span> <span class='ocrx_word' id='word_1_59' title='bbox 608 707 753 769; x_wconf 72' lang='lat' dir='ltr'><strong>torqueatur</strong></span> <span class='ocrx_word' id='word_1_60' title='bbox 765 696 883 752; x_wconf 81' lang='lat' dir='ltr'><strong>diabolus</strong></span> <span class='ocrx_word' id='word_1_61' title='bbox 893 694 955 770; x_wconf 68' lang='lat' dir='ltr'><strong>(Cp</strong></span> <span class='ocrx_word' id='word_1_62' title='bbox 1042 696 1142 753; x_wconf 80' lang='lat' dir='ltr'><strong>ilerum</strong></span> <span class='ocrx_word' id='word_1_63' title='bbox 1156 694 1220 767; x_wconf 91' lang='lat' dir='ltr'><strong>quid</strong></span> <span class='ocrx_word' id='word_1_64' title='bbox 1233 699 1467 767; x_wconf 71' lang='lat' dir='ltr'>argumentatione</span> <span class='ocrx_word' id='word_1_65' title='bbox 1479 711 1548 768; x_wconf 91' lang='lat' dir='ltr'><strong>opus</strong></span> <span class='ocrx_word' id='word_1_66' title='bbox 1560 698 1626 755; x_wconf 78' lang='lat' dir='ltr'><strong>esti</strong></span> <span class='ocrx_word' id='word_1_67' title='bbox 1640 695 1736 754; x_wconf 86' lang='lat' dir='ltr'><strong>Nonne</strong></span> <span class='ocrx_word' id='word_1_68' title='bbox 1749 699 1809 771; x_wconf 83' lang='lat' dir='ltr'><strong>ipso</strong></span> 
     </span>
     <span class='ocr_line' id='line_1_6' title="bbox 158 788 1808 865; baseline 0.003 -19"><span class='ocrx_word' id='word_1_69' title='bbox 158 794 244 865; x_wconf 76' lang='lat' dir='ltr'><strong>priam</strong></span> <span class='ocrx_word' id='word_1_70' title='bbox 267 789 353 862; x_wconf 83' lang='lat' dir='ltr'><strong>Epist.</strong></span> <span class='ocrx_word' id='word_1_71' title='bbox 378 790 413 848; x_wconf 82' lang='lat' dir='ltr'><strong>sb</strong></span> <span class='ocrx_word' id='word_1_72' title='bbox 438 790 473 846; x_wconf 82' lang='lat' dir='ltr'><strong>ud</strong></span> <span class='ocrx_word' id='word_1_73' title='bbox 494 789 630 863; x_wconf 74' lang='lat' dir='ltr'><strong>linquunt.</strong></span> <span class='ocrx_word' id='word_1_74' title='bbox 658 807 719 862; x_wconf 80' lang='lat' dir='ltr'><strong>paq.</strong></span> <span class='ocrx_word' id='word_1_75' title='bbox 747 790 833 863; x_wconf 61' lang='lat' dir='ltr'><strong>idi).</strong></span> <span class='ocrx_word' id='word_1_76' title='bbox 859 789 956 849; x_wconf 82' lang='lat' dir='ltr'><strong>Notans</strong></span> <span class='ocrx_word' id='word_1_77' title='bbox 1006 788 1192 847; x_wconf 74' lang='lat' dir='ltr'><strong>disertissimis</strong></span> <span class='ocrx_word' id='word_1_78' title='bbox 1213 791 1535 852; x_wconf 77' lang='lat' dir='ltr'><strong>uerbiseltxtuttumn</strong></span> <span class='ocrx_word' id='word_1_79' title='bbox 1555 809 1572 847; x_wconf 86' lang='lat' dir='ltr'><strong>u</strong></span> <span class='ocrx_word' id='word_1_80' title='bbox 1593 794 1704 865; x_wconf 82' lang='lat' dir='ltr'><strong>quolibet</strong></span> <span class='ocrx_word' id='word_1_81' title='bbox 1717 792 1808 851; x_wconf 86' lang='lat' dir='ltr'><strong>Cbris·</strong></span> 
     </span>
     <span class='ocr_line' id='line_1_7' title="bbox 159 878 1808 957; baseline -0.001 -15"><span class='ocrx_word' id='word_1_82' title='bbox 159 886 259 950; x_wconf 82' lang='lat' dir='ltr'><strong>etiam,</strong></span> <span class='ocrx_word' id='word_1_83' title='bbox 277 884 379 955; x_wconf 79' lang='lat' dir='ltr'><strong>inquiet</strong></span> <span class='ocrx_word' id='word_1_84' title='bbox 392 884 478 949; x_wconf 86' lang='lat' dir='ltr'><strong>alius,</strong></span> <span class='ocrx_word' id='word_1_85' title='bbox 502 884 536 940; x_wconf 88' lang='lat' dir='ltr'><strong>de</strong></span> <span class='ocrx_word' id='word_1_86' title='bbox 560 883 655 941; x_wconf 86' lang='lat' dir='ltr'><strong>iisdem</strong></span> <span class='ocrx_word' id='word_1_87' title='bbox 676 884 825 942; x_wconf 84' lang='lat' dir='ltr'><strong>Esoroistis</strong></span> <span class='ocrx_word' id='word_1_88' title='bbox 843 885 957 957; x_wconf 87' lang='lat' dir='ltr'><strong>ipsemet</strong></span> <span class='ocrx_word' id='word_1_89' title='bbox 1006 878 1076 937; x_wconf 83' lang='lat' dir='ltr'><strong>tiano</strong></span> <span class='ocrx_word' id='word_1_90' title='bbox 1088 880 1158 951; x_wconf 85' lang='lat' dir='ltr'><strong>loqui</strong></span> <span class='ocrx_word' id='word_1_91' title='bbox 1166 881 1273 955; x_wconf 82' lang='lat' dir='ltr'><strong>spiritm</strong></span> <span class='ocrx_word' id='word_1_92' title='bbox 1283 881 1347 948; x_wconf 82' lang='lat' dir='ltr'><strong>tlte,</strong></span> <span class='ocrx_word' id='word_1_93' title='bbox 1360 893 1413 938; x_wconf 86' lang='lat' dir='ltr'><strong>tum</strong></span> <span class='ocrx_word' id='word_1_94' title='bbox 1435 900 1463 939; x_wconf 88' lang='lat' dir='ltr'><strong>se</strong></span> <span class='ocrx_word' id='word_1_95' title='bbox 1482 883 1624 941; x_wconf 81' lang='lat' dir='ltr'><strong>deuruonem</strong></span> <span class='ocrx_word' id='word_1_96' title='bbox 1646 885 1808 955; x_wconf 73' lang='lat' dir='ltr'><strong>confitebitur</strong></span> 
     </span>
     <span class='ocr_line' id='line_1_8' title="bbox 128 973 1806 1053; baseline 0.003 -20"><span class='ocrx_word' id='word_1_97' title='bbox 128 995 135 1002; x_wconf 81' lang='grc'><em>·</em></span> <span class='ocrx_word' id='word_1_98' title='bbox 159 975 343 1033; x_wconf 75' lang='lat' dir='ltr'><strong>Tertullianus</strong></span> <span class='ocrx_word' id='word_1_99' title='bbox 355 976 409 1033; x_wconf 87' lang='lat' dir='ltr'><strong>allo</strong></span> <span class='ocrx_word' id='word_1_100' title='bbox 428 976 455 1032; x_wconf 90' lang='lat' dir='ltr'><strong>in</strong></span> <span class='ocrx_word' id='word_1_101' title='bbox 469 976 539 1033; x_wconf 90' lang='lat' dir='ltr'><strong>libro</strong></span> <span class='ocrx_word' id='word_1_102' title='bbox 551 978 610 1033; x_wconf 81' lang='lat' dir='ltr'><strong>bac</strong></span> <span class='ocrx_word' id='word_1_103' title='bbox 627 976 692 1034; x_wconf 90' lang='lat' dir='ltr'><strong>lecit</strong></span> <span class='ocrx_word' id='word_1_104' title='bbox 710 978 875 1050; x_wconf 86' lang='lat' dir='ltr'><strong>totidemque</strong></span> <span class='ocrx_word' id='word_1_105' title='bbox 894 994 956 1035; x_wconf 86' lang='lat' dir='ltr'><strong>ucr-</strong></span> <span class='ocrx_word' id='word_1_106' title='bbox 1006 973 1038 1027; x_wconf 75' lang='lat' dir='ltr'><strong>tls</strong></span> <span class='ocrx_word' id='word_1_107' title='bbox 1057 989 1131 1041; x_wconf 80' lang='lat' dir='ltr'><strong>reru,</strong></span> <span class='ocrx_word' id='word_1_108' title='bbox 1145 990 1222 1045; x_wconf 79' lang='lat' dir='ltr'><strong>quatu</strong></span> <span class='ocrx_word' id='word_1_109' title='bbox 1243 975 1304 1032; x_wconf 78' lang='lat' dir='ltr'><strong>aiibi</strong></span> <span class='ocrx_word' id='word_1_110' title='bbox 1322 974 1399 1031; x_wconf 75' lang='lat' dir='ltr'><strong>deum</strong></span> <span class='ocrx_word' id='word_1_111' title='bbox 1421 976 1454 1032; x_wconf 86' lang='lat' dir='ltr'><strong>tle</strong></span> <span class='ocrx_word' id='word_1_112' title='bbox 1471 976 1539 1047; x_wconf 72' lang='lat' dir='ltr'><strong>falsu</strong></span> <span class='ocrx_word' id='word_1_113' title='bbox 1553 979 1563 1046; x_wconf 79' lang='lat' dir='ltr'><strong>l</strong></span> <span class='ocrx_word' id='word_1_114' title='bbox 1575 977 1646 1033; x_wconf 83' lang='lat' dir='ltr'><strong>tttt.</strong></span> <span class='ocrx_word' id='word_1_115' title='bbox 1661 995 1720 1051; x_wconf 85' lang='lat' dir='ltr'><strong>cop.</strong></span> <span class='ocrx_word' id='word_1_116' title='bbox 1745 977 1806 1053; x_wconf 75' lang='lat'><strong>23).</strong></span> 
     </span>
     <span class='ocr_line' id='line_1_9' title="bbox 159 1056 1805 1142; baseline 0.002 -16"><span class='ocrx_word' id='word_1_117' title='bbox 159 1068 193 1126; x_wconf 85' lang='lat' dir='ltr'><strong>ba</strong></span> <span class='ocrx_word' id='word_1_118' title='bbox 209 1085 216 1125; x_wconf 78' lang='grc' dir='ltr'>ι</span> <span class='ocrx_word' id='word_1_119' title='bbox 233 1067 387 1140; x_wconf 72' lang='lat' dir='ltr'><strong>Exemplum</strong></span> <span class='ocrx_word' id='word_1_120' title='bbox 409 1069 520 1136; x_wconf 78' lang='lat' dir='ltr'><strong>occidit,</strong></span> <span class='ocrx_word' id='word_1_121' title='bbox 545 1069 649 1125; x_wconf 77' lang='lat' dir='ltr'><strong>donnino</strong></span> <span class='ocrx_word' id='word_1_122' title='bbox 669 1071 798 1139; x_wconf 78' lang='lat' dir='ltr'><strong>tarteejus</strong></span> <span class='ocrx_word' id='word_1_123' title='bbox 822 1070 955 1139; x_wconf 86' lang='lat' dir='ltr'><strong>mulieris,</strong></span> <span class='ocrx_word' id='word_1_124' title='bbox 1006 1063 1103 1124; x_wconf 82' lang='lat' dir='ltr'><strong>Nouus</strong></span> <span class='ocrx_word' id='word_1_125' title='bbox 1127 1068 1208 1123; x_wconf 86' lang='lat' dir='ltr'><strong>etium</strong></span> <span class='ocrx_word' id='word_1_126' title='bbox 1232 1068 1267 1125; x_wconf 86' lang='lat' dir='ltr'><strong>ad</strong></span> <span class='ocrx_word' id='word_1_127' title='bbox 1294 1069 1422 1126; x_wconf 86' lang='lat' dir='ltr'><strong>eumdem</strong></span> <span class='ocrx_word' id='word_1_128' title='bbox 1437 1056 1593 1142; x_wconf 72' lang='lat' dir='ltr'><strong>&#39;amomum</strong></span> <span class='ocrx_word' id='word_1_129' title='bbox 1618 1072 1715 1131; x_wconf 87' lang='lat' dir='ltr'><strong>iterum</strong></span> <span class='ocrx_word' id='word_1_130' title='bbox 1734 1075 1805 1130; x_wconf 90' lang='lat' dir='ltr'><strong>scri·</strong></span> 
     </span>
     <span class='ocr_line' id='line_1_10' title="bbox 159 1158 1808 1236; baseline 0.005 -23"><span class='ocrx_word' id='word_1_131' title='bbox 159 1160 354 1231; x_wconf 85' lang='lat' dir='ltr'><strong>quretlrootrum</strong></span> <span class='ocrx_word' id='word_1_132' title='bbox 367 1160 484 1225; x_wconf 86' lang='lat' dir='ltr'><strong>odiit‚et</strong></span> <span class='ocrx_word' id='word_1_133' title='bbox 498 1161 626 1217; x_wconf 81' lang='lat' dir='ltr'><strong>indecem</strong></span> <span class='ocrx_word' id='word_1_134' title='bbox 647 1161 772 1217; x_wconf 82' lang='lat' dir='ltr'><strong>doenromo</strong></span> <span class='ocrx_word' id='word_1_135' title='bbox 798 1161 883 1218; x_wconf 79' lang='lat' dir='ltr'><strong>rediit.</strong></span> <span class='ocrx_word' id='word_1_136' title='bbox 898 1160 955 1217; x_wconf 87' lang='lat' dir='ltr'><strong>ito·</strong></span> <span class='ocrx_word' id='word_1_137' title='bbox 1007 1158 1080 1229; x_wconf 84' lang='lat' dir='ltr'><strong>psitt</strong></span> <span class='ocrx_word' id='word_1_138' title='bbox 1111 1158 1246 1217; x_wconf 86' lang='lat' dir='ltr'><strong>Dtemones</strong></span> <span class='ocrx_word' id='word_1_139' title='bbox 1276 1177 1329 1217; x_wconf 89' lang='lat' dir='ltr'><strong>non</strong></span> <span class='ocrx_word' id='word_1_140' title='bbox 1359 1172 1458 1218; x_wconf 89' lang='lat' dir='ltr'><strong>tuntum</strong></span> <span class='ocrx_word' id='word_1_141' title='bbox 1487 1165 1647 1236; x_wconf 79' lang='lat' dir='ltr'><strong>respuimus,</strong></span> <span class='ocrx_word' id='word_1_142' title='bbox 1675 1182 1761 1221; x_wconf 86' lang='lat' dir='ltr'><strong>uerum</strong></span> <span class='ocrx_word' id='word_1_143' title='bbox 1783 1175 1808 1223; x_wconf 89' lang='lat' dir='ltr'><strong>et</strong></span> 
     </span>
     <span class='ocr_line' id='line_1_11' title="bbox 157 1251 1809 1326; baseline 0.007 -20"><span class='ocrx_word' id='word_1_144' title='bbox 157 1251 245 1321; x_wconf 86' lang='lat' dir='ltr'><strong>quein</strong></span> <span class='ocrx_word' id='word_1_145' title='bbox 268 1253 410 1307; x_wconf 74' lang='lat' dir='ltr'><strong>exorcisato</strong></span> <span class='ocrx_word' id='word_1_146' title='bbox 428 1267 486 1306; x_wconf 86' lang='lat' dir='ltr'><strong>cunr</strong></span> <span class='ocrx_word' id='word_1_147' title='bbox 510 1262 657 1307; x_wconf 76' lang='lat' dir='ltr'><strong>summetur</strong></span> <span class='ocrx_word' id='word_1_148' title='bbox 680 1253 785 1325; x_wconf 87' lang='lat' dir='ltr'><strong>spiritur</strong></span> <span class='ocrx_word' id='word_1_149' title='bbox 809 1253 956 1312; x_wconf 86' lang='lat' dir='ltr'><strong>inmmudus</strong></span> <span class='ocrx_word' id='word_1_150' title='bbox 1006 1253 1211 1320; x_wconf 82' lang='lat' dir='ltr'><strong>reuirteimus,et</strong></span> <span class='ocrx_word' id='word_1_151' title='bbox 1229 1257 1343 1325; x_wconf 78' lang='lat' dir='ltr'><strong>quotidie</strong></span> <span class='ocrx_word' id='word_1_152' title='bbox 1366 1259 1544 1326; x_wconf 82' lang='lat' dir='ltr'><strong>traducimus,</strong></span> <span class='ocrx_word' id='word_1_153' title='bbox 1572 1268 1595 1315; x_wconf 87' lang='lat' dir='ltr'><strong>et</strong></span> <span class='ocrx_word' id='word_1_154' title='bbox 1608 1260 1640 1314; x_wconf 82' lang='lat' dir='ltr'><strong>uie</strong></span> <span class='ocrx_word' id='word_1_155' title='bbox 1662 1260 1809 1326; x_wconf 55' lang='lat' dir='ltr'><strong>witimirus</strong></span> 
     </span>
     <span class='ocr_line' id='line_1_12' title="bbox 157 1345 1808 1423; baseline 0.006 -24"><span class='ocrx_word' id='word_1_156' title='bbox 157 1345 227 1417; x_wconf 82' lang='lat' dir='ltr'><strong>quoti</strong></span> <span class='ocrx_word' id='word_1_157' title='bbox 240 1363 319 1402; x_wconf 81' lang='lat' dir='ltr'><strong>autur</strong></span> <span class='ocrx_word' id='word_1_158' title='bbox 329 1358 393 1403; x_wconf 80' lang='lat' dir='ltr'><strong>essm</strong></span> <span class='ocrx_word' id='word_1_159' title='bbox 403 1346 504 1417; x_wconf 73' lang='lat' dir='ltr'><strong>fidelem</strong></span> <span class='ocrx_word' id='word_1_160' title='bbox 518 1347 623 1420; x_wconf 81' lang='lat' dir='ltr'><strong>oqqredi</strong></span> <span class='ocrx_word' id='word_1_161' title='bbox 635 1364 642 1401; x_wconf 74' lang='grc' dir='ltr'>ε</span> <span class='ocrx_word' id='word_1_162' title='bbox 656 1347 824 1416; x_wconf 74' lang='lat' dir='ltr'><strong>Cunctanter,</strong></span> <span class='ocrx_word' id='word_1_163' title='bbox 835 1359 858 1404; x_wconf 87' lang='lat' dir='ltr'><strong>et</strong></span> <span class='ocrx_word' id='word_1_164' title='bbox 866 1350 957 1421; x_wconf 81' lang='lat' dir='ltr'><strong>juretis·</strong></span> <span class='ocrx_word' id='word_1_165' title='bbox 1008 1346 1175 1415; x_wconf 79' lang='lat' dir='ltr'><strong>expellimur,</strong></span> <span class='ocrx_word' id='word_1_166' title='bbox 1191 1348 1256 1402; x_wconf 86' lang='lat' dir='ltr'><strong>sicut</strong></span> <span class='ocrx_word' id='word_1_167' title='bbox 1272 1348 1390 1420; x_wconf 79' lang='lat' dir='ltr'><strong>piurimis</strong></span> <span class='ocrx_word' id='word_1_168' title='bbox 1410 1359 1500 1406; x_wconf 87' lang='lat' dir='ltr'><strong>notum</strong></span> <span class='ocrx_word' id='word_1_169' title='bbox 1526 1362 1565 1408; x_wconf 89' lang='lat' dir='ltr'><strong>est</strong></span> <span class='ocrx_word' id='word_1_170' title='bbox 1577 1348 1676 1423; x_wconf 83' lang='lat' dir='ltr'><strong>(idem,</strong></span> <span class='ocrx_word' id='word_1_171' title='bbox 1704 1354 1750 1410; x_wconf 82' lang='lat' dir='ltr'><strong>iila.</strong></span> <span class='ocrx_word' id='word_1_172' title='bbox 1772 1354 1808 1409; x_wconf 83' lang='lat' dir='ltr'><strong>od</strong></span> 
     </span>
     <span class='ocr_line' id='line_1_13' title="bbox 156 1437 1809 1516; baseline 0.007 -23"><span class='ocrx_word' id='word_1_173' title='bbox 156 1439 237 1506; x_wconf 75' lang='lat' dir='ltr'><strong>nune,</strong></span> <span class='ocrx_word' id='word_1_174' title='bbox 251 1440 350 1511; x_wconf 89' lang='lat' dir='ltr'><strong>iuquit,</strong></span> <span class='ocrx_word' id='word_1_175' title='bbox 364 1440 430 1512; x_wconf 71' lang='lat' dir='ltr'><strong>ieci,</strong></span> <span class='ocrx_word' id='word_1_176' title='bbox 443 1440 470 1495; x_wconf 88' lang='lat' dir='ltr'><strong>iu</strong></span> <span class='ocrx_word' id='word_1_177' title='bbox 488 1456 544 1495; x_wconf 86' lang='lat' dir='ltr'><strong>tneo</strong></span> <span class='ocrx_word' id='word_1_178' title='bbox 556 1458 614 1495; x_wconf 90' lang='lat' dir='ltr'><strong>eom</strong></span> <span class='ocrx_word' id='word_1_179' title='bbox 624 1441 708 1497; x_wconf 86' lang='lat' dir='ltr'><strong>iuueni</strong></span> <span class='ocrx_word' id='word_1_180' title='bbox 717 1440 836 1516; x_wconf 83' lang='lat' dir='ltr'><strong>(Tertull.</strong></span> <span class='ocrx_word' id='word_1_181' title='bbox 860 1444 906 1500; x_wconf 83' lang='lat' dir='ltr'><strong>tlt.</strong></span> <span class='ocrx_word' id='word_1_182' title='bbox 926 1445 958 1500; x_wconf 84' lang='lat' dir='ltr'><strong>do</strong></span> <span class='ocrx_word' id='word_1_183' title='bbox 1009 1437 1116 1509; x_wconf 80' lang='lat' dir='ltr'><strong>Scapul.</strong></span> <span class='ocrx_word' id='word_1_184' title='bbox 1131 1456 1190 1510; x_wconf 89' lang='lat' dir='ltr'><strong>cup.</strong></span> <span class='ocrx_word' id='word_1_185' title='bbox 1205 1440 1233 1507; x_wconf 80' lang='grc'><strong>5,</strong></span> <span class='ocrx_word' id='word_1_186' title='bbox 1247 1440 1298 1512; x_wconf 75' lang='lat' dir='ltr'><strong>l).</strong></span> <span class='ocrx_word' id='word_1_187' title='bbox 1310 1444 1345 1497; x_wconf 71' lang='lat' dir='ltr'><strong>ult</strong></span> <span class='ocrx_word' id='word_1_188' title='bbox 1360 1442 1420 1511; x_wconf 81' lang='lat' dir='ltr'><strong>onis</strong></span> <span class='ocrx_word' id='word_1_189' title='bbox 1446 1458 1500 1499; x_wconf 91' lang='lat' dir='ltr'><strong>non</strong></span> <span class='ocrx_word' id='word_1_190' title='bbox 1516 1443 1607 1500; x_wconf 82' lang='lat' dir='ltr'><strong>rideat</strong></span> <span class='ocrx_word' id='word_1_191' title='bbox 1628 1445 1688 1501; x_wconf 76' lang='lat' dir='ltr'><strong>lunc</strong></span> <span class='ocrx_word' id='word_1_192' title='bbox 1707 1462 1760 1501; x_wconf 80' lang='lat' dir='ltr'><strong>raon</strong></span> <span class='ocrx_word' id='word_1_193' title='bbox 1775 1446 1809 1504; x_wconf 86' lang='lat' dir='ltr'><strong>du</strong></span> 
     </span>
     <span class='ocr_line' id='line_1_14' title="bbox 160 1527 1809 1603; baseline 0.005 -20"><span class='ocrx_word' id='word_1_194' title='bbox 160 1527 181 1583; x_wconf 87' lang='lat' dir='ltr'><em>S</em></span> <span class='ocrx_word' id='word_1_195' title='bbox 185 1528 424 1603; x_wconf 63' lang='lat' dir='ltr'><strong>pectre4ap.id)l</strong></span> <span class='ocrx_word' id='word_1_196' title='bbox 435 1529 531 1587; x_wconf 80' lang='lat' dir='ltr'><strong>Nonne</strong></span> <span class='ocrx_word' id='word_1_197' title='bbox 544 1531 625 1587; x_wconf 91' lang='lat' dir='ltr'><strong>etium</strong></span> <span class='ocrx_word' id='word_1_198' title='bbox 638 1546 732 1588; x_wconf 87' lang='lat' dir='ltr'><strong>rursus</strong></span> <span class='ocrx_word' id='word_1_199' title='bbox 746 1533 809 1590; x_wconf 91' lang='lat' dir='ltr'><strong>alibi</strong></span> <span class='ocrx_word' id='word_1_200' title='bbox 825 1551 832 1589; x_wconf 73' lang='grc' dir='ltr'><strong><em>ε</em></strong></span> <span class='ocrx_word' id='word_1_201' title='bbox 849 1534 904 1602; x_wconf 83' lang='lat' dir='ltr'><strong>Quo</strong></span> <span class='ocrx_word' id='word_1_202' title='bbox 914 1551 958 1591; x_wconf 86' lang='lat' dir='ltr'><strong>ore</strong></span> <span class='ocrx_word' id='word_1_203' title='bbox 1008 1529 1151 1585; x_wconf 81' lang='lat' dir='ltr'><strong>exorcistis</strong></span> <span class='ocrx_word' id='word_1_204' title='bbox 1172 1539 1284 1599; x_wconf 88' lang='lat' dir='ltr'><strong>tantum,</strong></span> <span class='ocrx_word' id='word_1_205' title='bbox 1299 1531 1347 1588; x_wconf 90' lang='lat' dir='ltr'><strong>sed</strong></span> <span class='ocrx_word' id='word_1_206' title='bbox 1360 1532 1396 1589; x_wconf 85' lang='lat' dir='ltr'><strong>de</strong></span> <span class='ocrx_word' id='word_1_207' title='bbox 1408 1534 1533 1591; x_wconf 85' lang='lat' dir='ltr'><strong>omnibus</strong></span> <span class='ocrx_word' id='word_1_208' title='bbox 1547 1535 1619 1591; x_wconf 87' lang='lat' dir='ltr'><strong>dicta</strong></span> <span class='ocrx_word' id='word_1_209' title='bbox 1634 1534 1718 1594; x_wconf 88' lang='lat' dir='ltr'><strong>luisse</strong></span> <span class='ocrx_word' id='word_1_210' title='bbox 1730 1537 1809 1594; x_wconf 85' lang='lat' dir='ltr'><strong>Clari·</strong></span> 
     </span>
     <span class='ocr_line' id='line_1_15' title="bbox 161 1618 1808 1699; baseline 0.004 -23"><span class='ocrx_word' id='word_1_211' title='bbox 161 1618 325 1678; x_wconf 84' lang='lat' dir='ltr'><strong>Cbristiuuus</strong></span> <span class='ocrx_word' id='word_1_212' title='bbox 343 1623 491 1687; x_wconf 86' lang='lat' dir='ltr'><strong>tburorius,</strong></span> <span class='ocrx_word' id='word_1_213' title='bbox 508 1623 533 1678; x_wconf 92' lang='lat' dir='ltr'><strong>id</strong></span> <span class='ocrx_word' id='word_1_214' title='bbox 549 1632 607 1691; x_wconf 89' lang='lat' dir='ltr'><strong>est,</strong></span> <span class='ocrx_word' id='word_1_215' title='bbox 621 1624 666 1695; x_wconf 91' lang='lat' dir='ltr'><strong>qui</strong></span> <span class='ocrx_word' id='word_1_216' title='bbox 682 1623 744 1680; x_wconf 87' lang='lat' dir='ltr'><strong>rbus</strong></span> <span class='ocrx_word' id='word_1_217' title='bbox 759 1625 838 1682; x_wconf 87' lang='lat' dir='ltr'><strong>idolis</strong></span> <span class='ocrx_word' id='word_1_218' title='bbox 862 1627 956 1682; x_wconf 82' lang='lat' dir='ltr'><strong>incon·</strong></span> <span class='ocrx_word' id='word_1_219' title='bbox 1008 1620 1124 1677; x_wconf 90' lang='lat' dir='ltr'><strong>stianisl</strong></span> <span class='ocrx_word' id='word_1_220' title='bbox 1139 1620 1254 1678; x_wconf 77' lang='lat' dir='ltr'><strong>blasima</strong></span> <span class='ocrx_word' id='word_1_221' title='bbox 1278 1638 1344 1695; x_wconf 72' lang='lat' dir='ltr'><strong>erqo</strong></span> <span class='ocrx_word' id='word_1_222' title='bbox 1358 1634 1419 1682; x_wconf 87' lang='lat' dir='ltr'><strong>erat</strong></span> <span class='ocrx_word' id='word_1_223' title='bbox 1438 1640 1492 1681; x_wconf 93' lang='lat' dir='ltr'><strong>non</strong></span> <span class='ocrx_word' id='word_1_224' title='bbox 1506 1627 1588 1682; x_wconf 91' lang='lat' dir='ltr'><strong>modo</strong></span> <span class='ocrx_word' id='word_1_225' title='bbox 1601 1628 1808 1699; x_wconf 78' lang='lat' dir='ltr'><strong>exorcistarum,</strong></span> 
     </span>
     <span class='ocr_line' id='line_1_16' title="bbox 158 1712 1808 1791; baseline 0.007 -25"><span class='ocrx_word' id='word_1_226' title='bbox 158 1712 255 1780; x_wconf 88' lang='lat' dir='ltr'><strong>dit,n&#39;</strong></span> <span class='ocrx_word' id='word_1_227' title='bbox 275 1715 434 1788; x_wconf 67' lang='lat' dir='ltr'><strong>marsurpiis</strong></span> <span class='ocrx_word' id='word_1_228' title='bbox 455 1715 580 1780; x_wconf 79' lang='lat' dir='ltr'><strong>transiluit,</strong></span> <span class='ocrx_word' id='word_1_229' title='bbox 603 1718 731 1786; x_wconf 75' lang='lat' dir='ltr'><strong>{amantor</strong></span> <span class='ocrx_word' id='word_1_230' title='bbox 750 1732 809 1772; x_wconf 85' lang='lat' dir='ltr'><strong>oros</strong></span> <span class='ocrx_word' id='word_1_231' title='bbox 837 1718 954 1789; x_wconf 80' lang='lat' dir='ltr'><strong>despuet,</strong></span> <span class='ocrx_word' id='word_1_232' title='bbox 1007 1712 1056 1768; x_wconf 87' lang='lat' dir='ltr'><strong>sed</strong></span> <span class='ocrx_word' id='word_1_233' title='bbox 1079 1714 1199 1769; x_wconf 90' lang='lat' dir='ltr'><strong>omnium</strong></span> <span class='ocrx_word' id='word_1_234' title='bbox 1220 1713 1436 1771; x_wconf 80' lang='lat' dir='ltr'><strong>Christianorum</strong></span> <span class='ocrx_word' id='word_1_235' title='bbox 1462 1717 1489 1771; x_wconf 91' lang='lat' dir='ltr'><strong>in</strong></span> <span class='ocrx_word' id='word_1_236' title='bbox 1513 1716 1652 1774; x_wconf 76' lang='lat' dir='ltr'><strong>damonae</strong></span> <span class='ocrx_word' id='word_1_237' title='bbox 1676 1729 1808 1791; x_wconf 87' lang='lat' dir='ltr'><strong>potestas,</strong></span> 
     </span>
     <span class='ocr_line' id='line_1_17' title="bbox 158 1801 1808 1884; baseline 0.002 -20"><span class='ocrx_word' id='word_1_238' title='bbox 158 1816 183 1862; x_wconf 89' lang='lat' dir='ltr'><strong>et</strong></span> <span class='ocrx_word' id='word_1_239' title='bbox 195 1808 359 1879; x_wconf 74' lang='lat' dir='ltr'><strong>mutuatu,</strong></span> <span class='ocrx_word' id='word_1_240' title='bbox 387 1809 546 1880; x_wconf 82' lang='lat' dir='ltr'><strong>quibusipse</strong></span> <span class='ocrx_word' id='word_1_241' title='bbox 563 1810 714 1881; x_wconf 82' lang='lat' dir='ltr'><strong>prospeeitl</strong></span> <span class='ocrx_word' id='word_1_242' title='bbox 739 1811 798 1878; x_wconf 75' lang='lat' dir='ltr'><strong>Quia</strong></span> <span class='ocrx_word' id='word_1_243' title='bbox 814 1801 957 1868; x_wconf 81' lang='lat' dir='ltr'><strong>constantio</strong></span> <span class='ocrx_word' id='word_1_244' title='bbox 970 1807 995 1869; x_wconf 92' lang='lat' dir='ltr'>B</span> <span class='ocrx_word' id='word_1_245' title='bbox 1008 1818 1060 1876; x_wconf 84' lang='lat' dir='ltr'><strong>qua</strong></span> <span class='ocrx_word' id='word_1_246' title='bbox 1075 1804 1135 1861; x_wconf 88' lang='lat' dir='ltr'><strong>illos</strong></span> <span class='ocrx_word' id='word_1_247' title='bbox 1148 1820 1183 1861; x_wconf 81' lang='lat' dir='ltr'><strong>ex</strong></span> <span class='ocrx_word' id='word_1_248' title='bbox 1208 1804 1380 1863; x_wconf 85' lang='lat' dir='ltr'><strong>ethnicorum</strong></span> <span class='ocrx_word' id='word_1_249' title='bbox 1404 1809 1568 1880; x_wconf 80' lang='lat' dir='ltr'><strong>emporibus</strong></span> <span class='ocrx_word' id='word_1_250' title='bbox 1592 1810 1743 1882; x_wconf 76' lang='lat' dir='ltr'><strong>sanissime</strong></span> <span class='ocrx_word' id='word_1_251' title='bbox 1757 1813 1808 1884; x_wconf 83' lang='lat' dir='ltr'><strong>cji·</strong></span> 
     </span>
     <span class='ocr_line' id='line_1_18' title="bbox 159 1898 1422 1975; baseline 0.004 -20"><span class='ocrx_word' id='word_1_252' title='bbox 159 1898 534 1967; x_wconf 64' lang='lat' dir='ltr'><strong>comarumcomarum,</strong></span> <span class='ocrx_word' id='word_1_253' title='bbox 550 1900 602 1957; x_wconf 91' lang='lat' dir='ltr'><strong>boc</strong></span> <span class='ocrx_word' id='word_1_254' title='bbox 615 1912 676 1969; x_wconf 84' lang='lat' dir='ltr'><strong>est,</strong></span> <span class='ocrx_word' id='word_1_255' title='bbox 691 1901 829 1960; x_wconf 74' lang='lat' dir='ltr'><strong>durcones</strong></span> <span class='ocrx_word' id='word_1_256' title='bbox 842 1945 850 1970; x_wconf 86' lang='lat'><strong>,</strong></span> <span class='ocrx_word' id='word_1_257' title='bbox 865 1905 957 1975; x_wconf 78' lang='lat' dir='ltr'><strong>multata</strong></span> <span class='ocrx_word' id='word_1_258' title='bbox 1008 1898 1127 1956; x_wconf 84' lang='lat' dir='ltr'><strong>ciebant.</strong></span> <span class='ocrx_word' id='word_1_259' title='bbox 1419 1947 1422 1956; x_wconf 91' lang='lat'>.</span> 
     </span>
     <span class='ocr_line' id='line_1_19' title="bbox 159 1992 1809 2068; baseline 0.004 -20"><span class='ocrx_word' id='word_1_260' title='bbox 159 1992 265 2048; x_wconf 80' lang='lat' dir='ltr'><strong>danuam</strong></span> <span class='ocrx_word' id='word_1_261' title='bbox 278 2007 351 2047; x_wconf 80' lang='lat' dir='ltr'><strong>muas</strong></span> <span class='ocrx_word' id='word_1_262' title='bbox 364 1992 494 2048; x_wconf 83' lang='lat' dir='ltr'><strong>cellariam</strong></span> <span class='ocrx_word' id='word_1_263' title='bbox 507 1994 634 2064; x_wconf 68' lang='lat' dir='ltr'><strong>portat?</strong></span> <span class='ocrx_word' id='word_1_264' title='bbox 648 1994 699 2050; x_wconf 90' lang='lat' dir='ltr'><strong>ille</strong></span> <span class='ocrx_word' id='word_1_265' title='bbox 711 1996 849 2066; x_wconf 78' lang='lat' dir='ltr'><strong>quidemn·</strong></span> <span class='ocrx_word' id='word_1_266' title='bbox 871 1997 957 2053; x_wconf 77' lang='lat' dir='ltr'><strong>caelu·</strong></span> <span class='ocrx_word' id='word_1_267' title='bbox 1043 1993 1072 2049; x_wconf 78' lang='lat' dir='ltr'><strong>Si</strong></span> <span class='ocrx_word' id='word_1_268' title='bbox 1086 1992 1147 2065; x_wconf 89' lang='lat' dir='ltr'><strong>quis</strong></span> <span class='ocrx_word' id='word_1_269' title='bbox 1159 2002 1248 2050; x_wconf 91' lang='lat' dir='ltr'><strong>autern</strong></span> <span class='ocrx_word' id='word_1_270' title='bbox 1264 1995 1382 2067; x_wconf 90' lang='lat' dir='ltr'><strong>inquirat</strong></span> <span class='ocrx_word' id='word_1_271' title='bbox 1394 1994 1485 2062; x_wconf 86' lang='lat' dir='ltr'><strong>unde,</strong></span> <span class='ocrx_word' id='word_1_272' title='bbox 1496 2005 1542 2051; x_wconf 91' lang='lat' dir='ltr'><strong>aut</strong></span> <span class='ocrx_word' id='word_1_273' title='bbox 1556 2011 1611 2068; x_wconf 90' lang='lat' dir='ltr'><strong>quo</strong></span> <span class='ocrx_word' id='word_1_274' title='bbox 1624 1995 1734 2053; x_wconf 84' lang='lat' dir='ltr'><strong>nonnius</strong></span> <span class='ocrx_word' id='word_1_275' title='bbox 1748 2011 1809 2054; x_wconf 89' lang='lat' dir='ltr'><strong>earn</strong></span> 
     </span>
     <span class='ocr_line' id='line_1_20' title="bbox 159 2085 1811 2160; baseline 0.002 -19"><span class='ocrx_word' id='word_1_276' title='bbox 159 2086 219 2142; x_wconf 83' lang='lat' dir='ltr'><strong>serit</strong></span> <span class='ocrx_word' id='word_1_277' title='bbox 232 2086 387 2142; x_wconf 73' lang='lat' dir='ltr'><strong>dentonium</strong></span> <span class='ocrx_word' id='word_1_278' title='bbox 399 2126 407 2153; x_wconf 89' lang='lat'><strong>,</strong></span> <span class='ocrx_word' id='word_1_279' title='bbox 417 2102 470 2142; x_wconf 85' lang='lat' dir='ltr'><strong>nort</strong></span> <span class='ocrx_word' id='word_1_280' title='bbox 482 2086 531 2142; x_wconf 88' lang='lat' dir='ltr'><strong>ribi</strong></span> <span class='ocrx_word' id='word_1_281' title='bbox 541 2087 641 2159; x_wconf 86' lang='lat' dir='ltr'><strong>plorent</strong></span> <span class='ocrx_word' id='word_1_282' title='bbox 651 2089 684 2142; x_wconf 78' lang='lat' dir='ltr'><strong>de</strong></span> <span class='ocrx_word' id='word_1_283' title='bbox 693 2087 755 2157; x_wconf 75' lang='lat' dir='ltr'><strong>lide.</strong></span> <span class='ocrx_word' id='word_1_284' title='bbox 781 2087 874 2159; x_wconf 81' lang='lat' dir='ltr'><strong>Neque</strong></span> <span class='ocrx_word' id='word_1_285' title='bbox 891 2091 959 2145; x_wconf 87' lang='lat' dir='ltr'><strong>enim</strong></span> <span class='ocrx_word' id='word_1_286' title='bbox 1008 2085 1158 2156; x_wconf 87' lang='lat' dir='ltr'><strong>baberent,</strong></span> <span class='ocrx_word' id='word_1_287' title='bbox 1182 2087 1245 2145; x_wconf 90' lang='lat' dir='ltr'><strong>lruic</strong></span> <span class='ocrx_word' id='word_1_288' title='bbox 1261 2088 1438 2160; x_wconf 79' lang='lat' dir='ltr'><strong>respondebit</strong></span> <span class='ocrx_word' id='word_1_289' title='bbox 1461 2089 1647 2146; x_wconf 74' lang='lat' dir='ltr'><strong>Tertullianus</strong></span> <span class='ocrx_word' id='word_1_290' title='bbox 1674 2106 1681 2144; x_wconf 80' lang='grc' dir='ltr'>ι</span> <span class='ocrx_word' id='word_1_291' title='bbox 1718 2088 1811 2145; x_wconf 85' lang='lat' dir='ltr'><strong>Onrrris</strong></span> 
     </span>
     <span class='ocr_line' id='line_1_21' title="bbox 161 2177 1812 2254; baseline 0.004 -21"><span class='ocrx_word' id='word_1_292' title='bbox 161 2178 292 2234; x_wconf 89' lang='lat' dir='ltr'><strong>inimicum</strong></span> <span class='ocrx_word' id='word_1_293' title='bbox 304 2178 423 2234; x_wconf 73' lang='lat' dir='ltr'><strong>melotis.</strong></span> <span class='ocrx_word' id='word_1_294' title='bbox 438 2177 530 2235; x_wconf 73' lang='lat' dir='ltr'><strong>Tacite</strong></span> <span class='ocrx_word' id='word_1_295' title='bbox 543 2179 629 2236; x_wconf 83' lang='lat' dir='ltr'><strong>debuit</strong></span> <span class='ocrx_word' id='word_1_296' title='bbox 642 2182 713 2237; x_wconf 85' lang='lat' dir='ltr'><strong>ricto</strong></span> <span class='ocrx_word' id='word_1_297' title='bbox 726 2181 874 2254; x_wconf 83' lang='lat' dir='ltr'><strong>impetrare,</strong></span> <span class='ocrx_word' id='word_1_298' title='bbox 884 2198 959 2253; x_wconf 87' lang='lat' dir='ltr'><strong>quem</strong></span> <span class='ocrx_word' id='word_1_299' title='bbox 1008 2189 1113 2247; x_wconf 88' lang='lat' dir='ltr'><strong>nostru,</strong></span> <span class='ocrx_word' id='word_1_300' title='bbox 1131 2182 1183 2238; x_wconf 84' lang='lat' dir='ltr'><strong>lunc</strong></span> <span class='ocrx_word' id='word_1_301' title='bbox 1196 2191 1248 2249; x_wconf 87' lang='lat' dir='ltr'><strong>cst,</strong></span> <span class='ocrx_word' id='word_1_302' title='bbox 1260 2182 1516 2252; x_wconf 73' lang='lat' dir='ltr'><strong>Cbristianornmjn</strong></span> <span class='ocrx_word' id='word_1_303' title='bbox 1530 2184 1589 2239; x_wconf 86' lang='lat' dir='ltr'><strong>illos</strong></span> <span class='ocrx_word' id='word_1_304' title='bbox 1599 2182 1738 2241; x_wconf 81' lang='lat' dir='ltr'><strong>dmmoucs</strong></span> <span class='ocrx_word' id='word_1_305' title='bbox 1765 2182 1812 2239; x_wconf 86' lang='lat' dir='ltr'><strong>tio-</strong></span> 
     </span>
     <span class='ocr_line' id='line_1_22' title="bbox 162 2270 1811 2349; baseline 0.004 -22"><span class='ocrx_word' id='word_1_306' title='bbox 162 2271 274 2342; x_wconf 86' lang='lat' dir='ltr'><strong>quotiulie</strong></span> <span class='ocrx_word' id='word_1_307' title='bbox 287 2271 367 2343; x_wconf 85' lang='lat' dir='ltr'><strong>poscit</strong></span> <span class='ocrx_word' id='word_1_308' title='bbox 386 2270 482 2346; x_wconf 82' lang='lat' dir='ltr'><strong>(idem,</strong></span> <span class='ocrx_word' id='word_1_309' title='bbox 497 2273 541 2328; x_wconf 86' lang='lat' dir='ltr'><strong>lib.</strong></span> <span class='ocrx_word' id='word_1_310' title='bbox 557 2272 589 2328; x_wconf 83' lang='lat' dir='ltr'><strong>ule</strong></span> <span class='ocrx_word' id='word_1_311' title='bbox 607 2272 705 2333; x_wconf 82' lang='lat' dir='ltr'><strong>ttotot.</strong></span> <span class='ocrx_word' id='word_1_312' title='bbox 721 2290 778 2345; x_wconf 86' lang='lat' dir='ltr'><strong>cop.</strong></span> <span class='ocrx_word' id='word_1_313' title='bbox 791 2271 832 2346; x_wconf 68' lang='lat' dir='ltr'><strong>T).</strong></span> <span class='ocrx_word' id='word_1_314' title='bbox 1009 2273 1138 2341; x_wconf 86' lang='lat' dir='ltr'><strong>minotio,</strong></span> <span class='ocrx_word' id='word_1_315' title='bbox 1152 2283 1176 2330; x_wconf 90' lang='lat' dir='ltr'><strong>et</strong></span> <span class='ocrx_word' id='word_1_316' title='bbox 1190 2285 1302 2348; x_wconf 83' lang='lat' dir='ltr'><strong>potestur</strong></span> <span class='ocrx_word' id='word_1_317' title='bbox 1314 2277 1346 2331; x_wconf 86' lang='lat' dir='ltr'><strong>tie</strong></span> <span class='ocrx_word' id='word_1_318' title='bbox 1358 2277 1532 2332; x_wconf 84' lang='lat' dir='ltr'><strong>uonuinotiour</strong></span> <span class='ocrx_word' id='word_1_319' title='bbox 1546 2274 1656 2345; x_wconf 85' lang='lat' dir='ltr'><strong>Cirrirti,</strong></span> <span class='ocrx_word' id='word_1_320' title='bbox 1673 2277 1732 2334; x_wconf 87' lang='lat' dir='ltr'><strong>sive</strong></span> <span class='ocrx_word' id='word_1_321' title='bbox 1748 2293 1811 2349; x_wconf 89' lang='lat' dir='ltr'><strong>pro-</strong></span> 
     </span>
     <span class='ocr_line' id='line_1_23' title="bbox 198 2363 1811 2440; baseline 0.004 -22"><span class='ocrx_word' id='word_1_322' title='bbox 198 2363 373 2434; x_wconf 83' lang='lat' dir='ltr'><strong>Respondere</strong></span> <span class='ocrx_word' id='word_1_323' title='bbox 386 2364 494 2432; x_wconf 90' lang='lat' dir='ltr'><strong>quidem</strong></span> <span class='ocrx_word' id='word_1_324' title='bbox 507 2365 604 2437; x_wconf 90' lang='lat' dir='ltr'><strong>aliquis</strong></span> <span class='ocrx_word' id='word_1_325' title='bbox 627 2374 719 2437; x_wconf 82' lang='lat' dir='ltr'><strong>posset</strong></span> <span class='ocrx_word' id='word_1_326' title='bbox 733 2367 759 2422; x_wconf 93' lang='lat' dir='ltr'><strong>in</strong></span> <span class='ocrx_word' id='word_1_327' title='bbox 776 2377 891 2440; x_wconf 87' lang='lat' dir='ltr'><strong>utroque</strong></span> <span class='ocrx_word' id='word_1_328' title='bbox 914 2367 959 2425; x_wconf 88' lang='lat' dir='ltr'><strong>illu</strong></span> <span class='ocrx_word' id='word_1_329' title='bbox 1010 2363 1084 2434; x_wconf 88' lang='lat' dir='ltr'><strong>lato,</strong></span> <span class='ocrx_word' id='word_1_330' title='bbox 1099 2365 1208 2437; x_wconf 89' lang='lat' dir='ltr'><strong>quando</strong></span> <span class='ocrx_word' id='word_1_331' title='bbox 1219 2366 1357 2424; x_wconf 70' lang='lat' dir='ltr'><strong>demones</strong></span> <span class='ocrx_word' id='word_1_332' title='bbox 1370 2367 1550 2439; x_wconf 78' lang='lat' dir='ltr'><strong>adjurabant,</strong></span> <span class='ocrx_word' id='word_1_333' title='bbox 1570 2368 1672 2426; x_wconf 87' lang='lat' dir='ltr'><strong>Cbristi</strong></span> <span class='ocrx_word' id='word_1_334' title='bbox 1700 2369 1811 2427; x_wconf 89' lang='lat' dir='ltr'><strong>nornine</strong></span> 
     </span>
     <span class='ocr_line' id='line_1_24' title="bbox 167 2455 1811 2530; baseline 0.004 -18"><span class='ocrx_word' id='word_1_335' title='bbox 167 2455 328 2514; x_wconf 80' lang='lat' dir='ltr'><strong>Tertulliani</strong></span> <span class='ocrx_word' id='word_1_336' title='bbox 343 2459 403 2515; x_wconf 87' lang='lat' dir='ltr'><strong>laco</strong></span> <span class='ocrx_word' id='word_1_337' title='bbox 414 2472 468 2515; x_wconf 78' lang='lat' dir='ltr'><strong>raon</strong></span> <span class='ocrx_word' id='word_1_338' title='bbox 481 2457 636 2515; x_wconf 77' lang='lat' dir='ltr'><strong>Exorcistas</strong></span> <span class='ocrx_word' id='word_1_339' title='bbox 648 2461 793 2528; x_wconf 86' lang='lat' dir='ltr'><strong>nominari,</strong></span> <span class='ocrx_word' id='word_1_340' title='bbox 811 2460 860 2517; x_wconf 85' lang='lat' dir='ltr'><strong>sed</strong></span> <span class='ocrx_word' id='word_1_341' title='bbox 881 2476 959 2519; x_wconf 81' lang='lat' dir='ltr'><strong>eaor·</strong></span> <span class='ocrx_word' id='word_1_342' title='bbox 1009 2455 1093 2525; x_wconf 81' lang='lat' dir='ltr'><strong>rubr,</strong></span> <span class='ocrx_word' id='word_1_343' title='bbox 1105 2466 1129 2513; x_wconf 87' lang='lat' dir='ltr'><strong>tt</strong></span> <span class='ocrx_word' id='word_1_344' title='bbox 1153 2458 1185 2513; x_wconf 81' lang='lat' dir='ltr'><strong>dt</strong></span> <span class='ocrx_word' id='word_1_345' title='bbox 1197 2460 1437 2515; x_wconf 83' lang='lat' dir='ltr'><strong>cururmuuorutiuue</strong></span> <span class='ocrx_word' id='word_1_346' title='bbox 1459 2476 1567 2530; x_wconf 82' lang='lat' dir='ltr'><strong>aarum,</strong></span> <span class='ocrx_word' id='word_1_347' title='bbox 1582 2476 1639 2530; x_wconf 81' lang='lat' dir='ltr'><strong>que</strong></span> <span class='ocrx_word' id='word_1_348' title='bbox 1660 2461 1709 2517; x_wconf 82' lang='lat' dir='ltr'><strong>sibi</strong></span> <span class='ocrx_word' id='word_1_349' title='bbox 1722 2478 1739 2516; x_wconf 86' lang='lat' dir='ltr'><strong>u</strong></span> <span class='ocrx_word' id='word_1_350' title='bbox 1754 2460 1811 2518; x_wconf 84' lang='lat' dir='ltr'><strong>Deo</strong></span> 
     </span>
     <span class='ocr_line' id='line_1_25' title="bbox 163 2549 1810 2627; baseline 0.005 -24"><span class='ocrx_word' id='word_1_351' title='bbox 163 2549 284 2618; x_wconf 69' lang='lat' dir='ltr'><strong>cistam,</strong></span> <span class='ocrx_word' id='word_1_352' title='bbox 305 2551 363 2608; x_wconf 85' lang='lat' dir='ltr'><strong>sire</strong></span> <span class='ocrx_word' id='word_1_353' title='bbox 387 2550 589 2624; x_wconf 76' lang='lat' dir='ltr'><strong>adjunctiones,</strong></span> <span class='ocrx_word' id='word_1_354' title='bbox 605 2569 665 2625; x_wconf 74' lang='lat' dir='ltr'><strong>qnae</strong></span> <span class='ocrx_word' id='word_1_355' title='bbox 690 2554 725 2611; x_wconf 79' lang='lat' dir='ltr'><strong>ab</strong></span> <span class='ocrx_word' id='word_1_356' title='bbox 751 2555 877 2612; x_wconf 73' lang='lat' dir='ltr'><strong>omnibus</strong></span> <span class='ocrx_word' id='word_1_357' title='bbox 895 2570 960 2627; x_wconf 82' lang='lat' dir='ltr'><strong>pro·</strong></span> <span class='ocrx_word' id='word_1_358' title='bbox 1010 2566 1055 2620; x_wconf 82' lang='lat' dir='ltr'><strong>per</strong></span> <span class='ocrx_word' id='word_1_359' title='bbox 1074 2551 1199 2606; x_wconf 82' lang='lat' dir='ltr'><strong>arbitrum</strong></span> <span class='ocrx_word' id='word_1_360' title='bbox 1221 2550 1351 2608; x_wconf 83' lang='lat' dir='ltr'><strong>Cbristum</strong></span> <span class='ocrx_word' id='word_1_361' title='bbox 1376 2553 1535 2608; x_wconf 84' lang='lat' dir='ltr'><strong>imminentia</strong></span> <span class='ocrx_word' id='word_1_362' title='bbox 1562 2549 1697 2624; x_wconf 76' lang='lat' dir='ltr'><strong>expectant</strong></span> <span class='ocrx_word' id='word_1_363' title='bbox 1711 2551 1810 2627; x_wconf 74' lang='lat' dir='ltr'><strong>(iuerat,</strong></span> 
     </span>
     <span class='ocr_line' id='line_1_26' title="bbox 167 2640 1812 2719; baseline 0.01 -21"><span class='ocrx_word' id='word_1_364' title='bbox 167 2641 211 2698; x_wconf 83' lang='lat' dir='ltr'><strong>mu</strong></span> <span class='ocrx_word' id='word_1_365' title='bbox 247 2641 331 2699; x_wconf 79' lang='lat' dir='ltr'><strong>uuum</strong></span> <span class='ocrx_word' id='word_1_366' title='bbox 363 2644 522 2703; x_wconf 72' lang='lat' dir='ltr'><strong>carnutum</strong></span> <span class='ocrx_word' id='word_1_367' title='bbox 549 2645 672 2703; x_wconf 69' lang='lat' dir='ltr'><strong>cosroen</strong></span> <span class='ocrx_word' id='word_1_368' title='bbox 697 2656 831 2719; x_wconf 66' lang='lat' dir='ltr'><strong>murmur.</strong></span> <span class='ocrx_word' id='word_1_369' title='bbox 862 2648 960 2707; x_wconf 75' lang='lat' dir='ltr'><strong>verum</strong></span> <span class='ocrx_word' id='word_1_370' title='bbox 1011 2640 1286 2715; x_wconf 50' lang='lat' dir='ltr'><strong>auctmentum,</strong></span> <span class='ocrx_word' id='word_1_371' title='bbox 1302 2661 1361 2717; x_wconf 75' lang='lat' dir='ltr'><strong>aaa·</strong></span> <span class='ocrx_word' id='word_1_372' title='bbox 1378 2644 1456 2716; x_wconf 81' lang='lat' dir='ltr'><strong>llll·</strong></span> <span class='ocrx_word' id='word_1_373' title='bbox 1472 2644 1812 2714; x_wconf 65' lang='lat' dir='ltr'><strong>Nonuuulliverosuullur</strong></span> 
     </span>
     <span class='ocr_line' id='line_1_27' title="bbox 167 2737 1810 2811; baseline 0.004 -21"><span class='ocrx_word' id='word_1_374' title='bbox 167 2747 249 2793; x_wconf 85' lang='lat' dir='ltr'><strong>nemo</strong></span> <span class='ocrx_word' id='word_1_375' title='bbox 274 2750 374 2808; x_wconf 71' lang='lat' dir='ltr'><strong>negare</strong></span> <span class='ocrx_word' id='word_1_376' title='bbox 388 2743 477 2807; x_wconf 88' lang='lat' dir='ltr'><strong>potest</strong></span> <span class='ocrx_word' id='word_1_377' title='bbox 500 2737 535 2793; x_wconf 87' lang='lat' dir='ltr'><strong>ab</strong></span> <span class='ocrx_word' id='word_1_378' title='bbox 562 2737 709 2795; x_wconf 81' lang='lat' dir='ltr'><strong>Exercistis</strong></span> <span class='ocrx_word' id='word_1_379' title='bbox 732 2738 875 2810; x_wconf 89' lang='lat' dir='ltr'><strong>imprimis,</strong></span> <span class='ocrx_word' id='word_1_380' title='bbox 892 2740 962 2797; x_wconf 90' lang='lat' dir='ltr'><strong>sicat</strong></span> <span class='ocrx_word' id='word_1_381' title='bbox 1011 2746 1102 2795; x_wconf 90' lang='lat' dir='ltr'><strong>tamen</strong></span> <span class='ocrx_word' id='word_1_382' title='bbox 1115 2739 1291 2811; x_wconf 88' lang='lat' dir='ltr'><strong>manuscripti</strong></span> <span class='ocrx_word' id='word_1_383' title='bbox 1304 2739 1408 2796; x_wconf 89' lang='lat' dir='ltr'><strong>codicis</strong></span> <span class='ocrx_word' id='word_1_384' title='bbox 1426 2741 1587 2797; x_wconf 87' lang='lat' dir='ltr'><strong>auctoritate</strong></span> <span class='ocrx_word' id='word_1_385' title='bbox 1611 2739 1691 2807; x_wconf 90' lang='lat' dir='ltr'><strong>lolti,</strong></span> <span class='ocrx_word' id='word_1_386' title='bbox 1715 2740 1810 2811; x_wconf 79' lang='lat' dir='ltr'><strong>leqcn·</strong></span> 
     </span>
     <span class='ocr_line' id='line_1_28' title="bbox 166 2826 1813 2906; baseline 0.004 -24"><span class='ocrx_word' id='word_1_387' title='bbox 166 2826 205 2884; x_wconf 91' lang='lat' dir='ltr'><strong>ait</strong></span> <span class='ocrx_word' id='word_1_388' title='bbox 227 2827 398 2902; x_wconf 81' lang='lat' dir='ltr'><strong>Cyprianus,</strong></span> <span class='ocrx_word' id='word_1_389' title='bbox 421 2832 551 2903; x_wconf 82' lang='lat' dir='ltr'><strong>expulsos</strong></span> <span class='ocrx_word' id='word_1_390' title='bbox 575 2847 609 2888; x_wconf 83' lang='lat' dir='ltr'><strong>eu</strong></span> <span class='ocrx_word' id='word_1_391' title='bbox 639 2833 777 2891; x_wconf 91' lang='lat' dir='ltr'><strong>bominum</strong></span> <span class='ocrx_word' id='word_1_392' title='bbox 802 2835 961 2906; x_wconf 82' lang='lat' dir='ltr'><strong>corporibus</strong></span> <span class='ocrx_word' id='word_1_393' title='bbox 1011 2831 1075 2888; x_wconf 88' lang='lat' dir='ltr'><strong>dum</strong></span> <span class='ocrx_word' id='word_1_394' title='bbox 1090 2843 1204 2890; x_wconf 86' lang='lat' dir='ltr'><strong>censent</strong></span> <span class='ocrx_word' id='word_1_395' title='bbox 1216 2834 1432 2900; x_wconf 83' lang='lat' dir='ltr'><strong>connainotione,</strong></span> <span class='ocrx_word' id='word_1_396' title='bbox 1456 2833 1527 2890; x_wconf 89' lang='lat' dir='ltr'><strong>baud</strong></span> <span class='ocrx_word' id='word_1_397' title='bbox 1540 2833 1621 2891; x_wconf 87' lang='lat' dir='ltr'><strong>dubie</strong></span> <span class='ocrx_word' id='word_1_398' title='bbox 1633 2834 1696 2905; x_wconf 89' lang='lat' dir='ltr'><strong>quia</strong></span> <span class='ocrx_word' id='word_1_399' title='bbox 1709 2832 1813 2891; x_wconf 78' lang='lat' dir='ltr'><strong>daturo·</strong></span> 
     </span>
     <span class='ocr_line' id='line_1_29' title="bbox 168 2918 1813 2996; baseline 0.004 -21"><span class='ocrx_word' id='word_1_400' title='bbox 168 2918 322 2990; x_wconf 79' lang='lat' dir='ltr'><strong>dumoruas,</strong></span> <span class='ocrx_word' id='word_1_401' title='bbox 344 2932 426 2993; x_wconf 88' lang='lat' dir='ltr'><strong>atque</strong></span> <span class='ocrx_word' id='word_1_402' title='bbox 448 2922 476 2978; x_wconf 88' lang='lat' dir='ltr'><strong>id</strong></span> <span class='ocrx_word' id='word_1_403' title='bbox 497 2924 564 2980; x_wconf 88' lang='lat' dir='ltr'><strong>satis</strong></span> <span class='ocrx_word' id='word_1_404' title='bbox 577 2925 689 2981; x_wconf 75' lang='lat' dir='ltr'><strong>ductori</strong></span> <span class='ocrx_word' id='word_1_405' title='bbox 713 2934 807 2981; x_wconf 89' lang='lat' dir='ltr'><strong>nostro</strong></span> <span class='ocrx_word' id='word_1_406' title='bbox 832 2924 916 2982; x_wconf 89' lang='lat' dir='ltr'><strong>luisse</strong></span> <span class='ocrx_word' id='word_1_407' title='bbox 926 2925 961 2983; x_wconf 89' lang='lat' dir='ltr'><strong>ad</strong></span> <span class='ocrx_word' id='word_1_408' title='bbox 1011 2939 1121 2995; x_wconf 87' lang='lat' dir='ltr'><strong>uesper</strong></span> <span class='ocrx_word' id='word_1_409' title='bbox 1134 2924 1219 2983; x_wconf 82' lang='lat' dir='ltr'><strong>bearn</strong></span> <span class='ocrx_word' id='word_1_410' title='bbox 1232 2928 1347 2993; x_wconf 88' lang='lat' dir='ltr'><strong>uiuum,</strong></span> <span class='ocrx_word' id='word_1_411' title='bbox 1370 2924 1416 2996; x_wconf 92' lang='lat' dir='ltr'><strong>qui</strong></span> <span class='ocrx_word' id='word_1_412' title='bbox 1442 2924 1612 2996; x_wconf 82' lang='lat' dir='ltr'><strong>judicaturus</strong></span> <span class='ocrx_word' id='word_1_413' title='bbox 1638 2934 1681 2981; x_wconf 88' lang='lat' dir='ltr'><strong>est</strong></span> <span class='ocrx_word' id='word_1_414' title='bbox 1694 2925 1770 2981; x_wconf 81' lang='lat' dir='ltr'><strong>riuos</strong></span> <span class='ocrx_word' id='word_1_415' title='bbox 1785 2932 1813 2981; x_wconf 85' lang='lat' dir='ltr'><strong>ct</strong></span> 
     </span>
     <span class='ocr_line' id='line_1_30' title="bbox 163 3011 1812 3089; baseline 0.004 -21"><span class='ocrx_word' id='word_1_416' title='bbox 163 3011 328 3082; x_wconf 83' lang='lat' dir='ltr'><strong>probandam</strong></span> <span class='ocrx_word' id='word_1_417' title='bbox 339 3013 557 3072; x_wconf 85' lang='lat' dir='ltr'><strong>Christianonum</strong></span> <span class='ocrx_word' id='word_1_418' title='bbox 566 3015 593 3072; x_wconf 94' lang='lat' dir='ltr'><strong>in</strong></span> <span class='ocrx_word' id='word_1_419' title='bbox 602 3015 712 3074; x_wconf 85' lang='lat' dir='ltr'><strong>eusdem</strong></span> <span class='ocrx_word' id='word_1_420' title='bbox 724 3015 861 3074; x_wconf 75' lang='lat' dir='ltr'><strong>dumanas</strong></span> <span class='ocrx_word' id='word_1_421' title='bbox 870 3028 962 3089; x_wconf 89' lang='lat' dir='ltr'><strong>potes·</strong></span> <span class='ocrx_word' id='word_1_422' title='bbox 1011 3017 1355 3089; x_wconf 64' lang='lat' dir='ltr'><strong>nroutuocadjurobamur.</strong></span> <span class='ocrx_word' id='word_1_423' title='bbox 1367 3020 1402 3073; x_wconf 86' lang='lat' dir='ltr'><strong>tn</strong></span> <span class='ocrx_word' id='word_1_424' title='bbox 1412 3018 1478 3074; x_wconf 90' lang='lat' dir='ltr'><strong>satis</strong></span> <span class='ocrx_word' id='word_1_425' title='bbox 1491 3017 1605 3074; x_wconf 82' lang='lat' dir='ltr'><strong>tortasse</strong></span> <span class='ocrx_word' id='word_1_426' title='bbox 1618 3025 1673 3075; x_wconf 85' lang='lat' dir='ltr'><strong>non</strong></span> <span class='ocrx_word' id='word_1_427' title='bbox 1687 3018 1812 3075; x_wconf 86' lang='lat' dir='ltr'><strong>animad-</strong></span> 
     </span>
     <span class='ocr_line' id='line_1_31' title="bbox 163 3109 1814 3182; baseline 0.002 -20"><span class='ocrx_word' id='word_1_428' title='bbox 163 3113 254 3162; x_wconf 87' lang='lat' dir='ltr'><strong>tatem.</strong></span> <span class='ocrx_word' id='word_1_429' title='bbox 1011 3118 1154 3166; x_wconf 86' lang='lat' dir='ltr'><strong>uerterunt</strong></span> <span class='ocrx_word' id='word_1_430' title='bbox 1172 3110 1199 3166; x_wconf 92' lang='lat' dir='ltr'><strong>in</strong></span> <span class='ocrx_word' id='word_1_431' title='bbox 1214 3119 1287 3167; x_wconf 80' lang='lat' dir='ltr'><strong>testu</strong></span> <span class='ocrx_word' id='word_1_432' title='bbox 1299 3109 1457 3166; x_wconf 80' lang='lat' dir='ltr'><strong>Tertulliani</strong></span> <span class='ocrx_word' id='word_1_433' title='bbox 1470 3110 1621 3182; x_wconf 88' lang='lat' dir='ltr'><strong>paulopost</strong></span> <span class='ocrx_word' id='word_1_434' title='bbox 1639 3110 1767 3179; x_wconf 84' lang='lat' dir='ltr'><strong>scripturn</strong></span> <span class='ocrx_word' id='word_1_435' title='bbox 1782 3110 1814 3166; x_wconf 86' lang='lat' dir='ltr'><strong>te</strong></span> 
     </span>
     <span class='ocr_line' id='line_1_32' title="bbox 199 3194 1812 3276; baseline -0.001 -19"><span class='ocrx_word' id='word_1_436' title='bbox 199 3198 253 3257; x_wconf 80' lang='lat' dir='ltr'><strong>Sed</strong></span> <span class='ocrx_word' id='word_1_437' title='bbox 265 3199 378 3258; x_wconf 84' lang='lat' dir='ltr'><strong>ulterius</strong></span> <span class='ocrx_word' id='word_1_438' title='bbox 389 3201 435 3257; x_wconf 82' lang='lat' dir='ltr'><strong>itte</strong></span> <span class='ocrx_word' id='word_1_439' title='bbox 448 3201 636 3274; x_wconf 69' lang='lat' dir='ltr'><strong>progreditur,</strong></span> <span class='ocrx_word' id='word_1_440' title='bbox 649 3210 678 3260; x_wconf 83' lang='lat' dir='ltr'><strong>ct</strong></span> <span class='ocrx_word' id='word_1_441' title='bbox 692 3201 719 3259; x_wconf 87' lang='lat' dir='ltr'><strong>in</strong></span> <span class='ocrx_word' id='word_1_442' title='bbox 731 3201 814 3258; x_wconf 81' lang='lat' dir='ltr'><strong>citato</strong></span> <span class='ocrx_word' id='word_1_443' title='bbox 825 3194 996 3276; x_wconf 67' lang='lat' dir='ltr'><strong>Apologus-G</strong></span> <span class='ocrx_word' id='word_1_444' title='bbox 1013 3204 1251 3276; x_wconf 71' lang='lat' dir='ltr'><strong>representatione,</strong></span> <span class='ocrx_word' id='word_1_445' title='bbox 1262 3197 1335 3275; x_wconf 84' lang='lat' dir='ltr'><strong>quud</strong></span> <span class='ocrx_word' id='word_1_446' title='bbox 1348 3201 1419 3261; x_wconf 91' lang='lat' dir='ltr'><strong>idem</strong></span> <span class='ocrx_word' id='word_1_447' title='bbox 1432 3213 1492 3270; x_wconf 88' lang='lat' dir='ltr'><strong>est,</strong></span> <span class='ocrx_word' id='word_1_448' title='bbox 1507 3218 1540 3257; x_wconf 89' lang='lat' dir='ltr'><strong>oe</strong></span> <span class='ocrx_word' id='word_1_449' title='bbox 1551 3203 1789 3258; x_wconf 86' lang='lat' dir='ltr'><strong>tununreutorutioue</strong></span> <span class='ocrx_word' id='word_1_450' title='bbox 1801 3239 1812 3268; x_wconf 94' lang='lat'><strong>,</strong></span> 
     </span>
     <span class='ocr_line' id='line_1_33' title="bbox 168 3287 1814 3369; baseline 0 -21"><span class='ocrx_word' id='word_1_451' title='bbox 168 3292 214 3349; x_wconf 88' lang='lat' dir='ltr'><strong>tici</strong></span> <span class='ocrx_word' id='word_1_452' title='bbox 230 3291 291 3348; x_wconf 89' lang='lat' dir='ltr'><strong>loco</strong></span> <span class='ocrx_word' id='word_1_453' title='bbox 304 3292 473 3351; x_wconf 89' lang='lat' dir='ltr'><strong>deorrmibus</strong></span> <span class='ocrx_word' id='word_1_454' title='bbox 499 3295 620 3366; x_wconf 86' lang='lat' dir='ltr'><strong>loquitur</strong></span> <span class='ocrx_word' id='word_1_455' title='bbox 638 3296 787 3367; x_wconf 74' lang='lat' dir='ltr'><strong>generatim</strong></span> <span class='ocrx_word' id='word_1_456' title='bbox 802 3293 961 3353; x_wconf 82' lang='lat' dir='ltr'><strong>Christianis</strong></span> <span class='ocrx_word' id='word_1_457' title='bbox 1010 3298 1082 3369; x_wconf 82' lang='lat' dir='ltr'><strong>iqnir</strong></span> <span class='ocrx_word' id='word_1_458' title='bbox 1101 3296 1173 3353; x_wconf 87' lang='lat' dir='ltr'><strong>iliius</strong></span> <span class='ocrx_word' id='word_1_459' title='bbox 1186 3297 1276 3353; x_wconf 76' lang='lat' dir='ltr'><strong>otoni</strong></span> <span class='ocrx_word' id='word_1_460' title='bbox 1298 3311 1352 3368; x_wconf 89' lang='lat' dir='ltr'><strong>quo</strong></span> <span class='ocrx_word' id='word_1_461' title='bbox 1375 3287 1504 3368; x_wconf 85' lang='lat' dir='ltr'><strong>puniendi</strong></span> <span class='ocrx_word' id='word_1_462' title='bbox 1526 3303 1590 3351; x_wconf 89' lang='lat' dir='ltr'><strong>sunt</strong></span> <span class='ocrx_word' id='word_1_463' title='bbox 1604 3294 1750 3350; x_wconf 81' lang='lat' dir='ltr'><strong>danrnnes.</strong></span> <span class='ocrx_word' id='word_1_464' title='bbox 1768 3293 1814 3349; x_wconf 83' lang='lat' dir='ltr'><strong>b’i·</strong></span> 
     </span>
     <span class='ocr_line' id='line_1_34' title="bbox 165 3384 1813 3458; baseline 0 -17"><span class='ocrx_word' id='word_1_465' title='bbox 165 3384 304 3442; x_wconf 69' lang='lat' dir='ltr'><strong>demones</strong></span> <span class='ocrx_word' id='word_1_466' title='bbox 315 3387 494 3458; x_wconf 80' lang='lat' dir='ltr'><strong>ejicientibus.</strong></span> <span class='ocrx_word' id='word_1_467' title='bbox 507 3389 574 3446; x_wconf 86' lang='lat' dir='ltr'><strong>Nam</strong></span> <span class='ocrx_word' id='word_1_468' title='bbox 594 3389 641 3458; x_wconf 82' lang='lat' dir='ltr'><strong>illc</strong></span> <span class='ocrx_word' id='word_1_469' title='bbox 653 3390 724 3446; x_wconf 88' lang='lat' dir='ltr'><strong>baud</strong></span> <span class='ocrx_word' id='word_1_470' title='bbox 744 3390 900 3447; x_wconf 89' lang='lat' dir='ltr'><strong>dubitanter</strong></span> <span class='ocrx_word' id='word_1_471' title='bbox 918 3388 961 3445; x_wconf 90' lang='lat' dir='ltr'><strong>al·</strong></span> <span class='ocrx_word' id='word_1_472' title='bbox 1012 3387 1087 3445; x_wconf 86' lang='lat' dir='ltr'><strong>desis</strong></span> <span class='ocrx_word' id='word_1_473' title='bbox 1109 3387 1255 3444; x_wconf 82' lang='lat' dir='ltr'><strong>Eusebium</strong></span> <span class='ocrx_word' id='word_1_474' title='bbox 1275 3389 1335 3444; x_wconf 83' lang='lat' dir='ltr'><strong>lunc</strong></span> <span class='ocrx_word' id='word_1_475' title='bbox 1356 3388 1382 3443; x_wconf 93' lang='lat' dir='ltr'><strong>in</strong></span> <span class='ocrx_word' id='word_1_476' title='bbox 1409 3402 1458 3442; x_wconf 92' lang='lat' dir='ltr'><strong>sua</strong></span> <span class='ocrx_word' id='word_1_477' title='bbox 1482 3386 1517 3443; x_wconf 91' lang='lat' dir='ltr'><strong>de</strong></span> <span class='ocrx_word' id='word_1_478' title='bbox 1540 3385 1709 3442; x_wconf 83' lang='lat' dir='ltr'><strong>Constantini</strong></span> <span class='ocrx_word' id='word_1_479' title='bbox 1724 3384 1813 3458; x_wconf 77' lang='lat' dir='ltr'><strong>lingui</strong></span> 
     </span>
     <span class='ocr_line' id='line_1_35' title="bbox 164 3474 1812 3556; baseline 0.002 -25"><span class='ocrx_word' id='word_1_480' title='bbox 164 3474 254 3531; x_wconf 79' lang='lat' dir='ltr'><strong>durrat</strong></span> <span class='ocrx_word' id='word_1_481' title='bbox 269 3485 368 3533; x_wconf 78' lang='grc' dir='ltr'>ιιιιιιιιι</span> <span class='ocrx_word' id='word_1_482' title='bbox 391 3479 473 3538; x_wconf 86' lang='lat' dir='ltr'><strong>luisse</strong></span> <span class='ocrx_word' id='word_1_483' title='bbox 493 3481 690 3537; x_wconf 88' lang='lat' dir='ltr'><strong>nrultitudinem</strong></span> <span class='ocrx_word' id='word_1_484' title='bbox 712 3481 869 3553; x_wconf 73' lang='lat' dir='ltr'><strong>gentilium,</strong></span> <span class='ocrx_word' id='word_1_485' title='bbox 893 3497 962 3553; x_wconf 84' lang='lat' dir='ltr'><strong>qnos</strong></span> <span class='ocrx_word' id='word_1_486' title='bbox 1013 3477 1138 3556; x_wconf 80' lang='lat' dir='ltr'><strong>laudibus</strong></span> <span class='ocrx_word' id='word_1_487' title='bbox 1147 3479 1271 3537; x_wconf 89' lang='lat' dir='ltr'><strong>oratione</strong></span> <span class='ocrx_word' id='word_1_488' title='bbox 1284 3489 1473 3543; x_wconf 87' lang='lat' dir='ltr'><strong>enarrantem,</strong></span> <span class='ocrx_word' id='word_1_489' title='bbox 1497 3478 1734 3550; x_wconf 84' lang='lat' dir='ltr'><strong>alinsqucanobis</strong></span> <span class='ocrx_word' id='word_1_490' title='bbox 1748 3478 1812 3537; x_wconf 88' lang='lat' dir='ltr'><strong>alibi</strong></span> 
     </span>
     <span class='ocr_line' id='line_1_36' title="bbox 166 3566 1813 3645; baseline 0.004 -23"><span class='ocrx_word' id='word_1_491' title='bbox 166 3566 312 3624; x_wconf 82' lang='lat' dir='ltr'><strong>Christiani</strong></span> <span class='ocrx_word' id='word_1_492' title='bbox 325 3583 340 3623; x_wconf 88' lang='lat' dir='ltr'><strong>a</strong></span> <span class='ocrx_word' id='word_1_493' title='bbox 353 3568 505 3626; x_wconf 80' lang='lat' dir='ltr'><strong>damonum</strong></span> <span class='ocrx_word' id='word_1_494' title='bbox 530 3572 728 3629; x_wconf 77' lang='lat' dir='ltr'><strong>incursionibus</strong></span> <span class='ocrx_word' id='word_1_495' title='bbox 750 3573 915 3645; x_wconf 77' lang='lat' dir='ltr'><strong>liberabant,</strong></span> <span class='ocrx_word' id='word_1_496' title='bbox 932 3580 962 3630; x_wconf 84' lang='lat' dir='ltr'><strong>ut</strong></span> <span class='ocrx_word' id='word_1_497' title='bbox 1012 3570 1226 3640; x_wconf 73' lang='lat' dir='ltr'><strong>citatosissuscb.</strong></span> <span class='ocrx_word' id='word_1_498' title='bbox 1240 3581 1307 3627; x_wconf 86' lang='lat' dir='ltr'><strong>orat.</strong></span> <span class='ocrx_word' id='word_1_499' title='bbox 1317 3572 1349 3628; x_wconf 84' lang='lat' dir='ltr'><strong>uie</strong></span> <span class='ocrx_word' id='word_1_500' title='bbox 1359 3572 1490 3628; x_wconf 86' lang='lat' dir='ltr'><strong>Corustont.</strong></span> <span class='ocrx_word' id='word_1_501' title='bbox 1503 3571 1594 3644; x_wconf 78' lang='lat' dir='ltr'><strong>dloqui.</strong></span> <span class='ocrx_word' id='word_1_502' title='bbox 1607 3572 1679 3628; x_wconf 80' lang='lat' dir='ltr'><strong>lauri.</strong></span> <span class='ocrx_word' id='word_1_503' title='bbox 1693 3589 1752 3645; x_wconf 84' lang='lat' dir='ltr'><strong>cup.</strong></span> <span class='ocrx_word' id='word_1_504' title='bbox 1769 3573 1813 3642; x_wconf 65' lang='lat' dir='ltr'><strong>idq</strong></span> 
     </span>
     <span class='ocr_line' id='line_1_37' title="bbox 167 3659 1518 3738; baseline 0.009 -21"><span class='ocrx_word' id='word_1_505' title='bbox 167 3659 215 3727; x_wconf 84' lang='lat' dir='ltr'><strong>bi,</strong></span> <span class='ocrx_word' id='word_1_506' title='bbox 230 3660 337 3718; x_wconf 85' lang='lat' dir='ltr'><strong>sublato</strong></span> <span class='ocrx_word' id='word_1_507' title='bbox 351 3663 483 3720; x_wconf 79' lang='lat' dir='ltr'><strong>beneficio</strong></span> <span class='ocrx_word' id='word_1_508' title='bbox 494 3665 558 3731; x_wconf 87' lang='lat' dir='ltr'><strong>illo,</strong></span> <span class='ocrx_word' id='word_1_509' title='bbox 570 3680 632 3722; x_wconf 89' lang='lat' dir='ltr'><strong>sese</strong></span> <span class='ocrx_word' id='word_1_510' title='bbox 645 3667 712 3721; x_wconf 88' lang='lat' dir='ltr'><strong>satis</strong></span> <span class='ocrx_word' id='word_1_511' title='bbox 724 3667 904 3738; x_wconf 84' lang='lat' dir='ltr'><strong>superqueab</strong></span> <span class='ocrx_word' id='word_1_512' title='bbox 915 3668 963 3725; x_wconf 91' lang='lat' dir='ltr'><strong>im·</strong></span> <span class='ocrx_word' id='word_1_513' title='bbox 1013 3680 1075 3736; x_wconf 76' lang='lat'><em>1²⁰9·</em></span> <span class='ocrx_word' id='word_1_514' title='bbox 1090 3663 1155 3729; x_wconf 78' lang='grc'><strong>638,</strong></span> <span class='ocrx_word' id='word_1_515' title='bbox 1171 3673 1194 3719; x_wconf 83' lang='lat' dir='ltr'><strong>et</strong></span> <span class='ocrx_word' id='word_1_516' title='bbox 1207 3680 1276 3735; x_wconf 73' lang='lat' dir='ltr'><strong>test·</strong></span> <span class='ocrx_word' id='word_1_517' title='bbox 1295 3661 1358 3719; x_wconf 70' lang='lat' dir='ltr'><strong>ch-</strong></span> <span class='ocrx_word' id='word_1_518' title='bbox 1372 3665 1437 3737; x_wconf 81' lang='lat' dir='ltr'><strong>lup.</strong></span> <span class='ocrx_word' id='word_1_519' title='bbox 1448 3664 1518 3736; x_wconf 58' lang='lat' dir='ltr'><strong>citi.</strong></span> 
     </span>
     <span class='ocr_line' id='line_1_38' title="bbox 163 3751 1814 3827; baseline 0.005 -21"><span class='ocrx_word' id='word_1_520' title='bbox 163 3751 237 3809; x_wconf 84' lang='lat' dir='ltr'><strong>mani</strong></span> <span class='ocrx_word' id='word_1_521' title='bbox 251 3755 408 3811; x_wconf 80' lang='lat' dir='ltr'><strong>carnuntum</strong></span> <span class='ocrx_word' id='word_1_522' title='bbox 422 3756 562 3827; x_wconf 75' lang='lat' dir='ltr'><strong>geruntium</strong></span> <span class='ocrx_word' id='word_1_523' title='bbox 586 3756 746 3814; x_wconf 74' lang='lat' dir='ltr'><strong>arundellum</strong></span> <span class='ocrx_word' id='word_1_524' title='bbox 767 3758 961 3815; x_wconf 77' lang='lat' dir='ltr'><strong>uintmassent.</strong></span> <span class='ocrx_word' id='word_1_525' title='bbox 1050 3754 1134 3810; x_wconf 80' lang='lat' dir='ltr'><strong>ttecue</strong></span> <span class='ocrx_word' id='word_1_526' title='bbox 1146 3769 1212 3825; x_wconf 77' lang='lat' dir='ltr'><strong>erro</strong></span> <span class='ocrx_word' id='word_1_527' title='bbox 1225 3753 1289 3810; x_wconf 82' lang='lat' dir='ltr'><strong>iude</strong></span> <span class='ocrx_word' id='word_1_528' title='bbox 1303 3753 1441 3809; x_wconf 86' lang='lat' dir='ltr'><strong>eouucludit</strong></span> <span class='ocrx_word' id='word_1_529' title='bbox 1453 3753 1636 3811; x_wconf 82' lang='lat' dir='ltr'><strong>Tertullianus</strong></span> <span class='ocrx_word' id='word_1_530' title='bbox 1651 3754 1814 3813; x_wconf 79' lang='lat' dir='ltr'><strong>:Dauuoues</strong></span> 
     </span>
     <span class='ocr_line' id='line_1_39' title="bbox 165 3842 1818 3922; baseline -0.002 -14"><span class='ocrx_word' id='word_1_531' title='bbox 165 3842 209 3900; x_wconf 76' lang='lat' dir='ltr'><strong>Eli</strong></span> <span class='ocrx_word' id='word_1_532' title='bbox 224 3845 280 3917; x_wconf 67' lang='lat' dir='ltr'><strong>ipsu</strong></span> <span class='ocrx_word' id='word_1_533' title='bbox 290 3846 349 3919; x_wconf 74' lang='lat' dir='ltr'><strong>eills</strong></span> <span class='ocrx_word' id='word_1_534' title='bbox 363 3848 467 3904; x_wconf 74' lang='lat' dir='ltr'><strong>verbu:</strong></span> <span class='ocrx_word' id='word_1_535' title='bbox 482 3848 602 3915; x_wconf 78' lang='lat' dir='ltr'><strong>Quintus</strong></span> <span class='ocrx_word' id='word_1_536' title='bbox 616 3850 712 3908; x_wconf 81' lang='lat' dir='ltr'><strong>atttltr</strong></span> <span class='ocrx_word' id='word_1_537' title='bbox 727 3852 851 3922; x_wconf 86' lang='lat' dir='ltr'><strong>occultis,</strong></span> <span class='ocrx_word' id='word_1_538' title='bbox 873 3862 897 3908; x_wconf 85' lang='lat' dir='ltr'><strong>tt</strong></span> <span class='ocrx_word' id='word_1_539' title='bbox 918 3869 962 3908; x_wconf 87' lang='lat' dir='ltr'><strong>us·</strong></span> <span class='ocrx_word' id='word_1_540' title='bbox 1013 3845 1142 3904; x_wconf 84' lang='lat' dir='ltr'><strong>Cbristmn</strong></span> <span class='ocrx_word' id='word_1_541' title='bbox 1155 3849 1268 3905; x_wconf 85' lang='lat' dir='ltr'><strong>timentes</strong></span> <span class='ocrx_word' id='word_1_542' title='bbox 1279 3850 1305 3903; x_wconf 90' lang='lat' dir='ltr'><strong>in</strong></span> <span class='ocrx_word' id='word_1_543' title='bbox 1315 3846 1381 3915; x_wconf 84' lang='lat' dir='ltr'><strong>Dra,</strong></span> <span class='ocrx_word' id='word_1_544' title='bbox 1393 3848 1506 3904; x_wconf 84' lang='lat' dir='ltr'><strong>etDeum</strong></span> <span class='ocrx_word' id='word_1_545' title='bbox 1516 3850 1542 3903; x_wconf 89' lang='lat' dir='ltr'><strong>in</strong></span> <span class='ocrx_word' id='word_1_546' title='bbox 1552 3847 1663 3918; x_wconf 84' lang='lat' dir='ltr'><strong>Cluristo,</strong></span> <span class='ocrx_word' id='word_1_547' title='bbox 1674 3849 1818 3922; x_wconf 77' lang='lat' dir='ltr'><strong>subjiciun-</strong></span> 
     </span>
     <span class='ocr_line' id='line_1_40' title="bbox 164 3939 1814 4026; baseline 0.008 -30"><span class='ocrx_word' id='word_1_548' title='bbox 164 3958 312 4016; x_wconf 83' lang='lat' dir='ltr'><strong>quequoque</strong></span> <span class='ocrx_word' id='word_1_549' title='bbox 335 3947 492 4003; x_wconf 79' lang='lat' dir='ltr'><strong>uastantibus</strong></span> <span class='ocrx_word' id='word_1_550' title='bbox 516 3958 611 4004; x_wconf 85' lang='lat' dir='ltr'><strong>mentes</strong></span> <span class='ocrx_word' id='word_1_551' title='bbox 632 3957 657 4005; x_wconf 86' lang='lat' dir='ltr'><strong>el</strong></span> <span class='ocrx_word' id='word_1_552' title='bbox 685 3951 843 4007; x_wconf 83' lang='lat' dir='ltr'><strong>ualetudincs</strong></span> <span class='ocrx_word' id='word_1_553' title='bbox 866 3961 962 4008; x_wconf 85' lang='lat' dir='ltr'><strong>uestros</strong></span> <span class='ocrx_word' id='word_1_554' title='bbox 1014 3942 1142 3996; x_wconf 60' lang='lat' dir='ltr'><strong>&#39;ilidii‘</strong></span> <span class='ocrx_word' id='word_1_555' title='bbox 1157 3939 1206 3996; x_wconf 66' lang='grc' dir='ltr'><em>Μ</em></span> <span class='ocrx_word' id='word_1_556' title='bbox 1219 3951 1242 3998; x_wconf 71' lang='lat'><strong>0¹</strong></span> <span class='ocrx_word' id='word_1_557' title='bbox 1253 3940 1349 3997; x_wconf 59' lang='lat' dir='ltr'><strong>cmi</strong></span> <span class='ocrx_word' id='word_1_558' title='bbox 1360 3940 1527 4026; x_wconf 59' lang='lat' dir='ltr'><strong>(Tilsiisi&#39;fllb</strong></span> <span class='ocrx_word' id='word_1_559' title='bbox 1543 3942 1678 4015; x_wconf 51' lang='lat' dir='ltr'><strong>Almia·</strong></span> <span class='ocrx_word' id='word_1_560' title='bbox 1693 3958 1753 4014; x_wconf 64' lang='lat' dir='ltr'><strong>‘dl’-</strong></span> <span class='ocrx_word' id='word_1_561' title='bbox 1767 3942 1814 4010; x_wconf 69' lang='lat'><strong>23,</strong></span> 
     </span>
     <span class='ocr_line' id='line_1_41' title="bbox 164 4034 1814 4122; baseline -0.001 -33"><span class='ocrx_word' id='word_1_562' title='bbox 164 4034 279 4092; x_wconf 78' lang='lat' dir='ltr'><strong>domibus</strong></span> <span class='ocrx_word' id='word_1_563' title='bbox 292 4048 410 4107; x_wconf 85' lang='lat' dir='ltr'><strong>raperet,</strong></span> <span class='ocrx_word' id='word_1_564' title='bbox 423 4056 439 4092; x_wconf 87' lang='lat' dir='ltr'><strong>o</strong></span> <span class='ocrx_word' id='word_1_565' title='bbox 453 4038 638 4122; x_wconf 59' lang='lat' dir='ltr'><strong>dqumouriorurrt</strong></span> <span class='ocrx_word' id='word_1_566' title='bbox 649 4042 793 4098; x_wconf 83' lang='lat' dir='ltr'><strong>incursibus</strong></span> <span class='ocrx_word' id='word_1_567' title='bbox 806 4044 884 4109; x_wconf 82' lang='lat' dir='ltr'><strong>dico,</strong></span> <span class='ocrx_word' id='word_1_568' title='bbox 905 4059 963 4113; x_wconf 86' lang='lat' dir='ltr'><strong>qute</strong></span> <span class='ocrx_word' id='word_1_569' title='bbox 1013 4051 1075 4106; x_wconf 63' lang='lat' dir='ltr'><strong>aas·</strong></span> <span class='ocrx_word' id='word_1_570' title='bbox 1089 4034 1164 4106; x_wconf 70' lang='lat' dir='ltr'><strong>did).</strong></span> <span class='ocrx_word' id='word_1_571' title='bbox 1187 4035 1240 4091; x_wconf 77' lang='lat' dir='ltr'><strong>Std</strong></span> <span class='ocrx_word' id='word_1_572' title='bbox 1262 4035 1397 4107; x_wconf 81' lang='lat' dir='ltr'><strong>qttomudo</strong></span> <span class='ocrx_word' id='word_1_573' title='bbox 1410 4050 1458 4090; x_wconf 81' lang='lat' dir='ltr'><strong>eos</strong></span> <span class='ocrx_word' id='word_1_574' title='bbox 1472 4035 1625 4092; x_wconf 80' lang='lat' dir='ltr'><strong>timebam?</strong></span> <span class='ocrx_word' id='word_1_575' title='bbox 1640 4045 1666 4088; x_wconf 89' lang='lat' dir='ltr'><strong>ut</strong></span> <span class='ocrx_word' id='word_1_576' title='bbox 1688 4051 1814 4107; x_wconf 83' lang='lat' dir='ltr'><strong>noqumn,</strong></span> 
     </span>
     <span class='ocr_line' id='line_1_42' title="bbox 164 4126 1814 4206; baseline 0 -25"><span class='ocrx_word' id='word_1_577' title='bbox 164 4126 274 4183; x_wconf 78' lang='lat' dir='ltr'><strong>denubit</strong></span> <span class='ocrx_word' id='word_1_578' title='bbox 292 4129 348 4185; x_wconf 75' lang='lat' dir='ltr'><strong>sirus</strong></span> <span class='ocrx_word' id='word_1_579' title='bbox 359 4131 479 4200; x_wconf 77' lang='lat' dir='ltr'><strong>prumia.</strong></span> <span class='ocrx_word' id='word_1_580' title='bbox 496 4132 550 4186; x_wconf 87' lang='lat' dir='ltr'><strong>siue</strong></span> <span class='ocrx_word' id='word_1_581' title='bbox 565 4133 679 4189; x_wconf 68' lang='lat' dir='ltr'><strong>tutareris</strong></span> <span class='ocrx_word' id='word_1_582' title='bbox 693 4135 865 4206; x_wconf 80' lang='lat' dir='ltr'><strong>depellimus?</strong></span> <span class='ocrx_word' id='word_1_583' title='bbox 879 4134 963 4204; x_wconf 75' lang='lat' dir='ltr'><strong>Suffe-</strong></span> <span class='ocrx_word' id='word_1_584' title='bbox 1014 4130 1115 4202; x_wconf 88' lang='lat' dir='ltr'><strong>inquit,</strong></span> <span class='ocrx_word' id='word_1_585' title='bbox 1139 4131 1205 4185; x_wconf 86' lang='lat' dir='ltr'><strong>serui</strong></span> <span class='ocrx_word' id='word_1_586' title='bbox 1228 4140 1297 4185; x_wconf 87' lang='lat' dir='ltr'><strong>nuetu</strong></span> <span class='ocrx_word' id='word_1_587' title='bbox 1310 4128 1391 4202; x_wconf 81' lang='lat' dir='ltr'><strong>(idid.</strong></span> <span class='ocrx_word' id='word_1_588' title='bbox 1409 4146 1468 4201; x_wconf 87' lang='lat' dir='ltr'><strong>cop.</strong></span> <span class='ocrx_word' id='word_1_589' title='bbox 1482 4129 1529 4195; x_wconf 77' lang='lat' dir='ltr'><strong>st,</strong></span> <span class='ocrx_word' id='word_1_590' title='bbox 1545 4146 1605 4200; x_wconf 84' lang='lat' dir='ltr'><strong>paq.</strong></span> <span class='ocrx_word' id='word_1_591' title='bbox 1618 4126 1685 4199; x_wconf 56' lang='grc' dir='ltr'><strong>ἡδὶ)</strong></span> <span class='ocrx_word' id='word_1_592' title='bbox 1696 4144 1705 4195; x_wconf 83' lang='grc'><strong>;</strong></span> <span class='ocrx_word' id='word_1_593' title='bbox 1718 4143 1814 4200; x_wconf 86' lang='lat' dir='ltr'><strong>qucrn-</strong></span> 
     </span>
     <span class='ocr_line' id='line_1_43' title="bbox 164 4218 1815 4298; baseline 0.004 -27"><span class='ocrx_word' id='word_1_594' title='bbox 164 4218 964 4298; x_wconf 81' lang='lat' dir='ltr'><strong>cirretlruesolumnortrmultiuni,quattuoruaexiudepos·</strong></span> <span class='ocrx_word' id='word_1_595' title='bbox 1013 4224 1160 4282; x_wconf 86' lang='lat' dir='ltr'><strong>adrnodunr</strong></span> <span class='ocrx_word' id='word_1_596' title='bbox 1188 4225 1214 4281; x_wconf 92' lang='lat' dir='ltr'><strong>in</strong></span> <span class='ocrx_word' id='word_1_597' title='bbox 1242 4224 1432 4296; x_wconf 77' lang='lat' dir='ltr'><strong>manuscriptis</strong></span> <span class='ocrx_word' id='word_1_598' title='bbox 1457 4223 1555 4278; x_wconf 87' lang='lat' dir='ltr'><strong>nostris</strong></span> <span class='ocrx_word' id='word_1_599' title='bbox 1579 4220 1717 4278; x_wconf 88' lang='lat' dir='ltr'><strong>codicibus</strong></span> <span class='ocrx_word' id='word_1_600' title='bbox 1747 4220 1815 4292; x_wconf 80' lang='lat' dir='ltr'><strong>logi·</strong></span> 
     </span>
     <span class='ocr_line' id='line_1_44' title="bbox 163 4309 1816 4390; baseline 0.002 -25"><span class='ocrx_word' id='word_1_601' title='bbox 163 4309 241 4366; x_wconf 77' lang='lat' dir='ltr'><strong>musio</strong></span> <span class='ocrx_word' id='word_1_602' title='bbox 252 4311 390 4367; x_wconf 84' lang='lat' dir='ltr'><strong>immundis</strong></span> <span class='ocrx_word' id='word_1_603' title='bbox 402 4313 533 4383; x_wconf 82' lang='lat' dir='ltr'><strong>spiritibus</strong></span> <span class='ocrx_word' id='word_1_604' title='bbox 543 4325 639 4385; x_wconf 85' lang='lat' dir='ltr'><strong>poteret</strong></span> <span class='ocrx_word' id='word_1_605' title='bbox 648 4315 813 4389; x_wconf 88' lang='lat' dir='ltr'><strong>(Tertulliun.</strong></span> <span class='ocrx_word' id='word_1_606' title='bbox 827 4318 961 4390; x_wconf 78' lang='lat' dir='ltr'><strong>Apuloqet.</strong></span> <span class='ocrx_word' id='word_1_607' title='bbox 1014 4333 1085 4378; x_wconf 88' lang='lat' dir='ltr'><strong>nurus.</strong></span> <span class='ocrx_word' id='word_1_608' title='bbox 1102 4317 1200 4374; x_wconf 88' lang='lat' dir='ltr'><strong>Seruili</strong></span> <span class='ocrx_word' id='word_1_609' title='bbox 1216 4315 1299 4388; x_wconf 72' lang='lat' dir='ltr'><strong>igitur</strong></span> <span class='ocrx_word' id='word_1_610' title='bbox 1313 4316 1410 4372; x_wconf 87' lang='lat' dir='ltr'><strong>timore</strong></span> <span class='ocrx_word' id='word_1_611' title='bbox 1422 4313 1559 4370; x_wconf 80' lang='lat' dir='ltr'><strong>Christum</strong></span> <span class='ocrx_word' id='word_1_612' title='bbox 1572 4314 1684 4387; x_wconf 77' lang='lat' dir='ltr'><strong>eiusque</strong></span> <span class='ocrx_word' id='word_1_613' title='bbox 1696 4313 1816 4384; x_wconf 89' lang='lat' dir='ltr'><strong>discipu·</strong></span> 
     </span>
     <span class='ocr_line' id='line_1_45' title="bbox 164 4404 1814 4484; baseline -0.006 -19"><span class='ocrx_word' id='word_1_614' title='bbox 164 4420 226 4473; x_wconf 67' lang='lat' dir='ltr'><strong>cup.</strong></span> <span class='ocrx_word' id='word_1_615' title='bbox 248 4404 293 4471; x_wconf 68' lang='lat'><strong>5¹1,</strong></span> <span class='ocrx_word' id='word_1_616' title='bbox 306 4410 357 4465; x_wconf 84' lang='lat' dir='ltr'><strong>ool.</strong></span> <span class='ocrx_word' id='word_1_617' title='bbox 372 4408 449 4482; x_wconf 82' lang='lat' dir='ltr'><strong>tid).</strong></span> <span class='ocrx_word' id='word_1_618' title='bbox 466 4410 505 4466; x_wconf 85' lang='lat' dir='ltr'><strong>no</strong></span> <span class='ocrx_word' id='word_1_619' title='bbox 531 4410 673 4482; x_wconf 83' lang='lat' dir='ltr'><strong>Scapulam</strong></span> <span class='ocrx_word' id='word_1_620' title='bbox 686 4421 815 4484; x_wconf 74' lang='lat' dir='ltr'><strong>practerea</strong></span> <span class='ocrx_word' id='word_1_621' title='bbox 832 4411 903 4467; x_wconf 83' lang='lat' dir='ltr'><strong>liuns</strong></span> <span class='ocrx_word' id='word_1_622' title='bbox 917 4412 963 4468; x_wconf 82' lang='lat' dir='ltr'><strong>ille</strong></span> <span class='ocrx_word' id='word_1_623' title='bbox 1014 4409 1055 4464; x_wconf 87' lang='lat' dir='ltr'><strong>ios</strong></span> <span class='ocrx_word' id='word_1_624' title='bbox 1069 4410 1224 4465; x_wconf 83' lang='lat' dir='ltr'><strong>metuebant</strong></span> <span class='ocrx_word' id='word_1_625' title='bbox 1239 4425 1247 4464; x_wconf 79' lang='lat' dir='ltr'><strong>r</strong></span> <span class='ocrx_word' id='word_1_626' title='bbox 1262 4406 1294 4461; x_wconf 75' lang='lat' dir='ltr'><strong>Et</strong></span> <span class='ocrx_word' id='word_1_627' title='bbox 1309 4406 1397 4461; x_wconf 85' lang='lat' dir='ltr'><strong>odiunt</strong></span> <span class='ocrx_word' id='word_1_628' title='bbox 1408 4446 1416 4471; x_wconf 95' lang='lat'><strong>,</strong></span> <span class='ocrx_word' id='word_1_629' title='bbox 1429 4407 1515 4478; x_wconf 61' lang='lat' dir='ltr'><strong>putuit</strong></span> <span class='ocrx_word' id='word_1_630' title='bbox 1540 4406 1602 4472; x_wconf 89' lang='lat' dir='ltr'><strong>iile,</strong></span> <span class='ocrx_word' id='word_1_631' title='bbox 1616 4406 1692 4459; x_wconf 81' lang='lat' dir='ltr'><strong>titutor</strong></span> <span class='ocrx_word' id='word_1_632' title='bbox 1714 4407 1814 4472; x_wconf 85' lang='lat' dir='ltr'><strong>spirat,</strong></span> 
     </span>
     <span class='ocr_line' id='line_1_46' title="bbox 163 4481 1816 4576; baseline -0.004 -22"><span class='ocrx_word' id='word_1_633' title='bbox 163 4499 273 4570; x_wconf 78' lang='lat' dir='ltr'><strong>scripsit</strong></span> <span class='ocrx_word' id='word_1_634' title='bbox 286 4481 312 4555; x_wconf 86' lang='lat' dir='ltr'><strong>in</strong></span> <span class='ocrx_word' id='word_1_635' title='bbox 324 4501 433 4557; x_wconf 89' lang='lat' dir='ltr'><strong>tnodum</strong></span> <span class='ocrx_word' id='word_1_636' title='bbox 448 4520 455 4555; x_wconf 78' lang='lat' dir='ltr'><strong>c</strong></span> <span class='ocrx_word' id='word_1_637' title='bbox 470 4502 504 4557; x_wconf 83' lang='lat' dir='ltr'><strong>iit</strong></span> <span class='ocrx_word' id='word_1_638' title='bbox 518 4504 608 4574; x_wconf 85' lang='lat' dir='ltr'><strong>qutunti</strong></span> <span class='ocrx_word' id='word_1_639' title='bbox 620 4505 719 4558; x_wconf 84' lang='lat' dir='ltr'><strong>buruesti</strong></span> <span class='ocrx_word' id='word_1_640' title='bbox 731 4506 778 4559; x_wconf 90' lang='lat' dir='ltr'><strong>uiri</strong></span> <span class='ocrx_word' id='word_1_641' title='bbox 792 4505 836 4568; x_wconf 86' lang='lat' dir='ltr'><strong>(de</strong></span> <span class='ocrx_word' id='word_1_642' title='bbox 848 4506 961 4576; x_wconf 84' lang='lat' dir='ltr'><strong>uulqori·</strong></span> <span class='ocrx_word' id='word_1_643' title='bbox 1014 4502 1074 4567; x_wconf 86' lang='lat' dir='ltr'><strong>siue,</strong></span> <span class='ocrx_word' id='word_1_644' title='bbox 1093 4510 1122 4555; x_wconf 91' lang='lat' dir='ltr'><strong>nt</strong></span> <span class='ocrx_word' id='word_1_645' title='bbox 1133 4501 1171 4556; x_wconf 83' lang='lat' dir='ltr'><strong>uit</strong></span> <span class='ocrx_word' id='word_1_646' title='bbox 1183 4499 1308 4554; x_wconf 85' lang='lat' dir='ltr'><strong>lliruntius</strong></span> <span class='ocrx_word' id='word_1_647' title='bbox 1323 4517 1330 4554; x_wconf 77' lang='grc' dir='ltr'><em>τ</em></span> <span class='ocrx_word' id='word_1_648' title='bbox 1343 4498 1431 4554; x_wconf 82' lang='lat' dir='ltr'><strong>odium</strong></span> <span class='ocrx_word' id='word_1_649' title='bbox 1455 4499 1536 4553; x_wconf 85' lang='lat' dir='ltr'><strong>urostri</strong></span> <span class='ocrx_word' id='word_1_650' title='bbox 1557 4507 1645 4553; x_wconf 86' lang='lat' dir='ltr'><strong>strunt</strong></span> <span class='ocrx_word' id='word_1_651' title='bbox 1660 4496 1758 4550; x_wconf 87' lang='lat' dir='ltr'><strong>occulte</strong></span> <span class='ocrx_word' id='word_1_652' title='bbox 1770 4510 1816 4566; x_wconf 84' lang='lat' dir='ltr'><strong>prr</strong></span> 
     </span>
     <span class='ocr_line' id='line_1_47' title="bbox 164 4585 1816 4668; baseline -0.002 -22"><span class='ocrx_word' id='word_1_653' title='bbox 164 4591 213 4646; x_wconf 81' lang='lat' dir='ltr'><strong>burs</strong></span> <span class='ocrx_word' id='word_1_654' title='bbox 222 4593 290 4647; x_wconf 83' lang='lat' dir='ltr'><strong>enlm</strong></span> <span class='ocrx_word' id='word_1_655' title='bbox 303 4609 354 4647; x_wconf 88' lang='lat' dir='ltr'><strong>raon</strong></span> <span class='ocrx_word' id='word_1_656' title='bbox 369 4593 538 4668; x_wconf 70' lang='lat' dir='ltr'><strong>dicimuslout</strong></span> <span class='ocrx_word' id='word_1_657' title='bbox 549 4614 566 4651; x_wconf 90' lang='lat' dir='ltr'><strong>o</strong></span> <span class='ocrx_word' id='word_1_658' title='bbox 577 4597 712 4651; x_wconf 74' lang='lat' dir='ltr'><strong>amnuoniis</strong></span> <span class='ocrx_word' id='word_1_659' title='bbox 721 4607 764 4650; x_wconf 89' lang='lat' dir='ltr'><strong>out</strong></span> <span class='ocrx_word' id='word_1_660' title='bbox 776 4596 964 4654; x_wconf 80' lang='lat' dir='ltr'><strong>valetudinibus</strong></span> <span class='ocrx_word' id='word_1_661' title='bbox 976 4585 1003 4648; x_wconf 87' lang='lat' dir='ltr'>D</span> <span class='ocrx_word' id='word_1_662' title='bbox 1016 4594 1134 4647; x_wconf 84' lang='lat' dir='ltr'><strong>timorum</strong></span> <span class='ocrx_word' id='word_1_663' title='bbox 1155 4589 1263 4664; x_wconf 80' lang='lat' dir='ltr'><strong>(ilium.</strong></span> <span class='ocrx_word' id='word_1_664' title='bbox 1287 4589 1377 4646; x_wconf 75' lang='lat' dir='ltr'><strong>Oetaea.</strong></span> <span class='ocrx_word' id='word_1_665' title='bbox 1391 4605 1451 4660; x_wconf 82' lang='lat' dir='ltr'><strong>paq.</strong></span> <span class='ocrx_word' id='word_1_666' title='bbox 1471 4588 1548 4659; x_wconf 73' lang='lat'><strong>235).</strong></span> <span class='ocrx_word' id='word_1_667' title='bbox 1563 4589 1704 4643; x_wconf 80' lang='lat' dir='ltr'><strong>daenuorms</strong></span> <span class='ocrx_word' id='word_1_668' title='bbox 1726 4585 1816 4654; x_wconf 82' lang='lat' dir='ltr'><strong>itaque</strong></span> 
     </span>
     <span class='ocr_line' id='line_1_48' title="bbox 163 4675 1813 4761; baseline -0.009 -17"><span class='ocrx_word' id='word_1_669' title='bbox 163 4683 299 4738; x_wconf 77' lang='lat' dir='ltr'><strong>rertndioti</strong></span> <span class='ocrx_word' id='word_1_670' title='bbox 316 4695 375 4740; x_wconf 85' lang='lat' dir='ltr'><strong>sunt</strong></span> <span class='ocrx_word' id='word_1_671' title='bbox 394 4685 489 4758; x_wconf 66' lang='lat' dir='ltr'><strong>(tuetur,</strong></span> <span class='ocrx_word' id='word_1_672' title='bbox 500 4689 536 4742; x_wconf 87' lang='lat' dir='ltr'><strong>ati</strong></span> <span class='ocrx_word' id='word_1_673' title='bbox 554 4687 663 4760; x_wconf 85' lang='lat' dir='ltr'><strong>Scapul.</strong></span> <span class='ocrx_word' id='word_1_674' title='bbox 674 4705 733 4758; x_wconf 86' lang='lat' dir='ltr'><strong>top.</strong></span> <span class='ocrx_word' id='word_1_675' title='bbox 746 4688 862 4761; x_wconf 61' lang='lat' dir='ltr'><strong>ticinis</strong></span> <span class='ocrx_word' id='word_1_676' title='bbox 872 4699 962 4745; x_wconf 88' lang='lat' dir='ltr'><strong>arttcm</strong></span> <span class='ocrx_word' id='word_1_677' title='bbox 1017 4694 1044 4739; x_wconf 90' lang='lat' dir='ltr'><strong>et</strong></span> <span class='ocrx_word' id='word_1_678' title='bbox 1055 4683 1172 4754; x_wconf 81' lang='lat' dir='ltr'><strong>subjecti</strong></span> <span class='ocrx_word' id='word_1_679' title='bbox 1186 4691 1264 4739; x_wconf 83' lang='lat' dir='ltr'><strong>erant</strong></span> <span class='ocrx_word' id='word_1_680' title='bbox 1274 4681 1442 4756; x_wconf 85' lang='lat' dir='ltr'><strong>Cbristiauis‚</strong></span> <span class='ocrx_word' id='word_1_681' title='bbox 1459 4691 1487 4736; x_wconf 93' lang='lat' dir='ltr'><strong>ct</strong></span> <span class='ocrx_word' id='word_1_682' title='bbox 1499 4694 1547 4735; x_wconf 90' lang='lat' dir='ltr'><strong>cos</strong></span> <span class='ocrx_word' id='word_1_683' title='bbox 1569 4678 1650 4734; x_wconf 87' lang='lat' dir='ltr'><strong>etiam</strong></span> <span class='ocrx_word' id='word_1_684' title='bbox 1664 4675 1813 4743; x_wconf 88' lang='lat' dir='ltr'><strong>timebant,</strong></span> 
     </span>
     <span class='ocr_line' id='line_1_49' title="bbox 163 4768 1815 4848; baseline -0.004 -19"><span class='ocrx_word' id='word_1_685' title='bbox 163 4773 224 4832; x_wconf 77' lang='lat' dir='ltr'><strong>baec</strong></span> <span class='ocrx_word' id='word_1_686' title='bbox 238 4790 292 4832; x_wconf 91' lang='lat' dir='ltr'><strong>non</strong></span> <span class='ocrx_word' id='word_1_687' title='bbox 304 4776 391 4833; x_wconf 91' lang='lat' dir='ltr'><strong>solum</strong></span> <span class='ocrx_word' id='word_1_688' title='bbox 404 4780 438 4835; x_wconf 85' lang='lat' dir='ltr'><strong>ab</strong></span> <span class='ocrx_word' id='word_1_689' title='bbox 453 4779 611 4848; x_wconf 71' lang='lat' dir='ltr'><strong>Exoremus,</strong></span> <span class='ocrx_word' id='word_1_690' title='bbox 626 4779 673 4836; x_wconf 88' lang='lat' dir='ltr'><strong>sed</strong></span> <span class='ocrx_word' id='word_1_691' title='bbox 689 4781 723 4834; x_wconf 78' lang='lat' dir='ltr'><strong>urb</strong></span> <span class='ocrx_word' id='word_1_692' title='bbox 742 4781 867 4838; x_wconf 84' lang='lat' dir='ltr'><strong>orrrruibus</strong></span> <span class='ocrx_word' id='word_1_693' title='bbox 889 4781 963 4837; x_wconf 86' lang='lat' dir='ltr'><strong>cluri·</strong></span> <span class='ocrx_word' id='word_1_694' title='bbox 1015 4786 1098 4848; x_wconf 84' lang='lat' dir='ltr'><strong>atquc</strong></span> <span class='ocrx_word' id='word_1_695' title='bbox 1110 4776 1212 4832; x_wconf 89' lang='lat' dir='ltr'><strong>idcirco</strong></span> <span class='ocrx_word' id='word_1_696' title='bbox 1226 4774 1348 4832; x_wconf 86' lang='lat' dir='ltr'><strong>oderant.</strong></span> <span class='ocrx_word' id='word_1_697' title='bbox 1365 4772 1462 4840; x_wconf 74' lang='lat' dir='ltr'><strong>Quidni</strong></span> <span class='ocrx_word' id='word_1_698' title='bbox 1485 4769 1630 4827; x_wconf 82' lang='lat' dir='ltr'><strong>timerent?</strong></span> <span class='ocrx_word' id='word_1_699' title='bbox 1644 4768 1815 4841; x_wconf 84' lang='lat' dir='ltr'><strong>quandoqui-</strong></span> 
     </span>
     <span class='ocr_line' id='line_1_50' title="bbox 164 4862 1816 4939; baseline -0.006 -12"><span class='ocrx_word' id='word_1_700' title='bbox 164 4869 259 4927; x_wconf 88' lang='lat' dir='ltr'><strong>stiauis</strong></span> <span class='ocrx_word' id='word_1_701' title='bbox 282 4870 352 4929; x_wconf 87' lang='lat' dir='ltr'><strong>lactu</strong></span> <span class='ocrx_word' id='word_1_702' title='bbox 380 4872 464 4932; x_wconf 84' lang='lat' dir='ltr'><strong>baisse</strong></span> <span class='ocrx_word' id='word_1_703' title='bbox 493 4873 672 4931; x_wconf 87' lang='lat' dir='ltr'><strong>dillltebiturl</strong></span> <span class='ocrx_word' id='word_1_704' title='bbox 699 4873 785 4930; x_wconf 83' lang='lat' dir='ltr'><strong>iiiuror</strong></span> <span class='ocrx_word' id='word_1_705' title='bbox 807 4874 880 4932; x_wconf 82' lang='lat' dir='ltr'><strong>eninr</strong></span> <span class='ocrx_word' id='word_1_706' title='bbox 906 4882 966 4930; x_wconf 87' lang='lat' dir='ltr'><strong>erat</strong></span> <span class='ocrx_word' id='word_1_707' title='bbox 1016 4870 1078 4925; x_wconf 84' lang='lat' dir='ltr'><strong>deun</strong></span> <span class='ocrx_word' id='word_1_708' title='bbox 1092 4869 1127 4924; x_wconf 89' lang='lat' dir='ltr'><strong>ab</strong></span> <span class='ocrx_word' id='word_1_709' title='bbox 1140 4868 1197 4926; x_wconf 90' lang='lat' dir='ltr'><strong>illis</strong></span> <span class='ocrx_word' id='word_1_710' title='bbox 1210 4868 1380 4939; x_wconf 77' lang='lat' dir='ltr'><strong>antiquatur,</strong></span> <span class='ocrx_word' id='word_1_711' title='bbox 1396 4865 1433 4921; x_wconf 90' lang='lat' dir='ltr'><strong>ait</strong></span> <span class='ocrx_word' id='word_1_712' title='bbox 1446 4862 1536 4920; x_wconf 85' lang='lat' dir='ltr'><strong>adluuc</strong></span> <span class='ocrx_word' id='word_1_713' title='bbox 1549 4872 1642 4918; x_wconf 90' lang='lat' dir='ltr'><strong>auctor</strong></span> <span class='ocrx_word' id='word_1_714' title='bbox 1667 4872 1776 4928; x_wconf 87' lang='lat' dir='ltr'><strong>noster,</strong></span> <span class='ocrx_word' id='word_1_715' title='bbox 1791 4869 1816 4917; x_wconf 87' lang='lat' dir='ltr'><strong>ct</strong></span> 
     </span>
     <span class='ocr_line' id='line_1_51' title="bbox 165 4953 1816 5041; baseline -0.008 -19"><span class='ocrx_word' id='word_1_716' title='bbox 165 4975 230 5022; x_wconf 91' lang='lat' dir='ltr'><strong>tunc</strong></span> <span class='ocrx_word' id='word_1_717' title='bbox 243 4966 440 5030; x_wconf 83' lang='lat' dir='ltr'><strong>exorcistarum</strong></span> <span class='ocrx_word' id='word_1_718' title='bbox 456 4984 604 5034; x_wconf 85' lang='lat' dir='ltr'><strong>numerus,</strong></span> <span class='ocrx_word' id='word_1_719' title='bbox 618 4984 701 5041; x_wconf 87' lang='lat' dir='ltr'><strong>quarn</strong></span> <span class='ocrx_word' id='word_1_720' title='bbox 716 4977 745 5025; x_wconf 92' lang='lat' dir='ltr'><strong>ut</strong></span> <span class='ocrx_word' id='word_1_721' title='bbox 760 4968 777 5024; x_wconf 90' lang='lat' dir='ltr'><strong>ii</strong></span> <span class='ocrx_word' id='word_1_722' title='bbox 788 4969 838 5025; x_wconf 90' lang='lat' dir='ltr'><strong>suli</strong></span> <span class='ocrx_word' id='word_1_723' title='bbox 862 4977 963 5024; x_wconf 89' lang='lat' dir='ltr'><strong>tantam</strong></span> <span class='ocrx_word' id='word_1_724' title='bbox 1016 4962 1157 5017; x_wconf 82' lang='lat' dir='ltr'><strong>seruditioni</strong></span> <span class='ocrx_word' id='word_1_725' title='bbox 1170 4959 1385 5024; x_wconf 78' lang='lat' dir='ltr'><strong>suesuceitlrmt,</strong></span> <span class='ocrx_word' id='word_1_726' title='bbox 1400 4966 1424 5013; x_wconf 93' lang='lat' dir='ltr'><strong>et</strong></span> <span class='ocrx_word' id='word_1_727' title='bbox 1436 4974 1501 5030; x_wconf 89' lang='lat' dir='ltr'><strong>quos</strong></span> <span class='ocrx_word' id='word_1_728' title='bbox 1514 4954 1546 5011; x_wconf 84' lang='lat' dir='ltr'><strong>tle</strong></span> <span class='ocrx_word' id='word_1_729' title='bbox 1569 4953 1708 5027; x_wconf 85' lang='lat' dir='ltr'><strong>lorrqinqus</strong></span> <span class='ocrx_word' id='word_1_730' title='bbox 1733 4971 1816 5026; x_wconf 83' lang='lat' dir='ltr'><strong>oppu-</strong></span> 
     </span>
     <span class='ocr_line' id='line_1_52' title="bbox 164 5046 1813 5127; baseline 0.002 -13"><span class='ocrx_word' id='word_1_731' title='bbox 164 5056 305 5116; x_wconf 86' lang='lat' dir='ltr'><strong>luominum</strong></span> <span class='ocrx_word' id='word_1_732' title='bbox 318 5059 520 5119; x_wconf 80' lang='lat' dir='ltr'><strong>multitudinem</strong></span> <span class='ocrx_word' id='word_1_733' title='bbox 534 5078 548 5118; x_wconf 89' lang='lat' dir='ltr'><strong>a</strong></span> <span class='ocrx_word' id='word_1_734' title='bbox 560 5060 715 5119; x_wconf 83' lang='lat' dir='ltr'><strong>damonum</strong></span> <span class='ocrx_word' id='word_1_735' title='bbox 727 5061 878 5120; x_wconf 86' lang='lat' dir='ltr'><strong>incursibus</strong></span> <span class='ocrx_word' id='word_1_736' title='bbox 893 5059 962 5118; x_wconf 89' lang='lat' dir='ltr'><strong>libe·</strong></span> <span class='ocrx_word' id='word_1_737' title='bbox 1015 5061 1107 5127; x_wconf 81' lang='lat' dir='ltr'><strong>puram,</strong></span> <span class='ocrx_word' id='word_1_738' title='bbox 1120 5053 1152 5108; x_wconf 83' lang='lat' dir='ltr'><strong>de</strong></span> <span class='ocrx_word' id='word_1_739' title='bbox 1164 5054 1280 5126; x_wconf 83' lang='lat' dir='ltr'><strong>prosimu</strong></span> <span class='ocrx_word' id='word_1_740' title='bbox 1290 5052 1423 5108; x_wconf 81' lang='lat' dir='ltr'><strong>alremont</strong></span> <span class='ocrx_word' id='word_1_741' title='bbox 1435 5049 1602 5124; x_wconf 74' lang='lat' dir='ltr'><strong>(tertullian.</strong></span> <span class='ocrx_word' id='word_1_742' title='bbox 1617 5048 1681 5103; x_wconf 69' lang='lat' dir='ltr'><strong>t&#39;bt&#39;d·</strong></span> <span class='ocrx_word' id='word_1_743' title='bbox 1694 5063 1753 5117; x_wconf 81' lang='lat' dir='ltr'><strong>cap.</strong></span> <span class='ocrx_word' id='word_1_744' title='bbox 1766 5046 1813 5116; x_wconf 61' lang='grc' dir='ltr'><strong>Ἧι</strong></span> 
     </span>
     <span class='ocr_line' id='line_1_53' title="bbox 164 5138 1813 5217; baseline -0.008 -11"><span class='ocrx_word' id='word_1_745' title='bbox 164 5162 266 5209; x_wconf 84' lang='lat' dir='ltr'><strong>rorent.</strong></span> <span class='ocrx_word' id='word_1_746' title='bbox 693 5149 697 5154; x_wconf 86' lang='lat'>&#39;</span> <span class='ocrx_word' id='word_1_747' title='bbox 1016 5151 1068 5202; x_wconf 87' lang='lat' dir='ltr'><strong>eol.</strong></span> <span class='ocrx_word' id='word_1_748' title='bbox 1084 5146 1160 5217; x_wconf 71' lang='lat' dir='ltr'><strong>lii).</strong></span> <span class='ocrx_word' id='word_1_749' title='bbox 1177 5143 1257 5216; x_wconf 84' lang='lat' dir='ltr'><strong>lltqui</strong></span> <span class='ocrx_word' id='word_1_750' title='bbox 1271 5145 1293 5198; x_wconf 75' lang='lat' dir='ltr'><strong>si</strong></span> <span class='ocrx_word' id='word_1_751' title='bbox 1309 5158 1356 5200; x_wconf 85' lang='lat' dir='ltr'><strong>cos</strong></span> <span class='ocrx_word' id='word_1_752' title='bbox 1368 5143 1531 5209; x_wconf 86' lang='lat' dir='ltr'><strong>obsecrant,</strong></span> <span class='ocrx_word' id='word_1_753' title='bbox 1547 5140 1660 5208; x_wconf 84' lang='lat' dir='ltr'><strong>timent,</strong></span> <span class='ocrx_word' id='word_1_754' title='bbox 1674 5138 1813 5205; x_wconf 87' lang='lat' dir='ltr'><strong>oderunt,</strong></span> 
     </span>
     <span class='ocr_line' id='line_1_54' title="bbox 199 5235 1817 5320; baseline -0.006 -22"><span class='ocrx_word' id='word_1_755' title='bbox 199 5245 382 5314; x_wconf 84' lang='lat' dir='ltr'><strong>Quamobrem</strong></span> <span class='ocrx_word' id='word_1_756' title='bbox 403 5262 466 5304; x_wconf 86' lang='lat' dir='ltr'><strong>curn</strong></span> <span class='ocrx_word' id='word_1_757' title='bbox 491 5247 594 5305; x_wconf 89' lang='lat' dir='ltr'><strong>etbnici</strong></span> <span class='ocrx_word' id='word_1_758' title='bbox 617 5247 767 5320; x_wconf 74' lang='lat' dir='ltr'><strong>objicerent</strong></span> <span class='ocrx_word' id='word_1_759' title='bbox 795 5245 965 5304; x_wconf 82' lang='lat' dir='ltr'><strong>Christianos</strong></span> <span class='ocrx_word' id='word_1_760' title='bbox 1020 5241 1106 5311; x_wconf 84' lang='lat' dir='ltr'><strong>iisque</strong></span> <span class='ocrx_word' id='word_1_761' title='bbox 1119 5239 1316 5310; x_wconf 85' lang='lat' dir='ltr'><strong>subjiciuntur,</strong></span> <span class='ocrx_word' id='word_1_762' title='bbox 1332 5251 1398 5308; x_wconf 81' lang='lat' dir='ltr'><strong>erqo</strong></span> <span class='ocrx_word' id='word_1_763' title='bbox 1411 5235 1446 5292; x_wconf 90' lang='lat' dir='ltr'><strong>ab</strong></span> <span class='ocrx_word' id='word_1_764' title='bbox 1460 5235 1513 5291; x_wconf 87' lang='lat' dir='ltr'><strong>illis</strong></span> <span class='ocrx_word' id='word_1_765' title='bbox 1525 5235 1659 5306; x_wconf 84' lang='lat' dir='ltr'><strong>adjurati,</strong></span> <span class='ocrx_word' id='word_1_766' title='bbox 1673 5250 1726 5289; x_wconf 90' lang='lat' dir='ltr'><strong>nun</strong></span> <span class='ocrx_word' id='word_1_767' title='bbox 1742 5249 1817 5289; x_wconf 82' lang='lat' dir='ltr'><strong>truen-</strong></span> 
     </span>
     <span class='ocr_line' id='line_1_55' title="bbox 165 5325 1815 5409; baseline -0.007 -19"><span class='ocrx_word' id='word_1_768' title='bbox 165 5335 321 5407; x_wconf 75' lang='lat' dir='ltr'><strong>rcipnblieae</strong></span> <span class='ocrx_word' id='word_1_769' title='bbox 335 5352 447 5409; x_wconf 91' lang='lat' dir='ltr'><strong>prorsus</strong></span> <span class='ocrx_word' id='word_1_770' title='bbox 461 5352 523 5394; x_wconf 89' lang='lat' dir='ltr'><strong>csse</strong></span> <span class='ocrx_word' id='word_1_771' title='bbox 548 5339 677 5407; x_wconf 78' lang='lat' dir='ltr'><strong>inutiles,</strong></span> <span class='ocrx_word' id='word_1_772' title='bbox 692 5339 755 5395; x_wconf 81' lang='lat' dir='ltr'><strong>illos</strong></span> <span class='ocrx_word' id='word_1_773' title='bbox 780 5339 820 5395; x_wconf 89' lang='lat' dir='ltr'><strong>sic</strong></span> <span class='ocrx_word' id='word_1_774' title='bbox 843 5337 941 5394; x_wconf 76' lang='lat' dir='ltr'><strong>refellit</strong></span> <span class='ocrx_word' id='word_1_775' title='bbox 956 5355 965 5394; x_wconf 79' lang='grc' dir='ltr'><strong><em>ε</em></strong></span> <span class='ocrx_word' id='word_1_776' title='bbox 1018 5333 1154 5389; x_wconf 91' lang='lat' dir='ltr'><strong>tiebantur</strong></span> <span class='ocrx_word' id='word_1_777' title='bbox 1167 5329 1357 5403; x_wconf 71' lang='lat' dir='ltr'><strong>protectans</strong></span> <span class='ocrx_word' id='word_1_778' title='bbox 1373 5340 1428 5384; x_wconf 83' lang='lat' dir='ltr'><strong>tutu</strong></span> <span class='ocrx_word' id='word_1_779' title='bbox 1443 5343 1518 5395; x_wconf 81' lang='lat' dir='ltr'><strong>rere,</strong></span> <span class='ocrx_word' id='word_1_780' title='bbox 1532 5328 1602 5383; x_wconf 90' lang='lat' dir='ltr'><strong>sicut</strong></span> <span class='ocrx_word' id='word_1_781' title='bbox 1619 5326 1675 5398; x_wconf 81' lang='lat' dir='ltr'><strong>jam</strong></span> <span class='ocrx_word' id='word_1_782' title='bbox 1687 5325 1815 5394; x_wconf 83' lang='lat' dir='ltr'><strong>dixinnts,</strong></span> 
     </span>
     <span class='ocr_line' id='line_1_56' title="bbox 165 5418 1816 5505; baseline -0.008 -22"><span class='ocrx_word' id='word_1_783' title='bbox 165 5428 262 5499; x_wconf 84' lang='lat' dir='ltr'><strong>Quanti</strong></span> <span class='ocrx_word' id='word_1_784' title='bbox 275 5431 391 5499; x_wconf 77' lang='lat' dir='ltr'><strong>boletis,</strong></span> <span class='ocrx_word' id='word_1_785' title='bbox 406 5432 514 5505; x_wconf 71' lang='lat' dir='ltr'><strong>quipam</strong></span> <span class='ocrx_word' id='word_1_786' title='bbox 528 5431 561 5487; x_wconf 84' lang='lat' dir='ltr'><strong>tie</strong></span> <span class='ocrx_word' id='word_1_787' title='bbox 574 5432 645 5487; x_wconf 87' lang='lat' dir='ltr'><strong>robis</strong></span> <span class='ocrx_word' id='word_1_788' title='bbox 657 5431 786 5487; x_wconf 69' lang='lat' dir='ltr'><strong>teutonum</strong></span> <span class='ocrx_word' id='word_1_789' title='bbox 807 5432 937 5485; x_wconf 82' lang='lat' dir='ltr'><strong>eccruiont</strong></span> <span class='ocrx_word' id='word_1_790' title='bbox 953 5429 967 5484; x_wconf 79' lang='lat' dir='ltr'><strong>i</strong></span> <span class='ocrx_word' id='word_1_791' title='bbox 1016 5425 1171 5481; x_wconf 74' lang='lat' dir='ltr'><strong>latabantur</strong></span> <span class='ocrx_word' id='word_1_792' title='bbox 1183 5439 1214 5480; x_wconf 89' lang='lat' dir='ltr'><strong>se</strong></span> <span class='ocrx_word' id='word_1_793' title='bbox 1240 5437 1334 5479; x_wconf 85' lang='lat' dir='ltr'><strong>reuera</strong></span> <span class='ocrx_word' id='word_1_794' title='bbox 1357 5436 1418 5478; x_wconf 85' lang='lat' dir='ltr'><strong>esse</strong></span> <span class='ocrx_word' id='word_1_795' title='bbox 1432 5421 1589 5486; x_wconf 71' lang='lat' dir='ltr'><strong>laniones,</strong></span> <span class='ocrx_word' id='word_1_796' title='bbox 1615 5427 1643 5476; x_wconf 92' lang='lat' dir='ltr'><strong>ct</strong></span> <span class='ocrx_word' id='word_1_797' title='bbox 1662 5418 1816 5488; x_wconf 82' lang='lat' dir='ltr'><strong>neutiquam</strong></span> 
     </span>
     <span class='ocr_line' id='line_1_57' title="bbox 163 5510 1817 5596; baseline -0.008 -19"><span class='ocrx_word' id='word_1_798' title='bbox 163 5520 256 5594; x_wconf 75' lang='lat' dir='ltr'><strong>(litut.</strong></span> <span class='ocrx_word' id='word_1_799' title='bbox 279 5539 337 5596; x_wconf 85' lang='lat' dir='ltr'><strong>rap.</strong></span> <span class='ocrx_word' id='word_1_800' title='bbox 351 5525 387 5583; x_wconf 80' lang='lat' dir='ltr'><strong>ta</strong></span> <span class='ocrx_word' id='word_1_801' title='bbox 407 5525 428 5595; x_wconf 89' lang='grc'><strong>).</strong></span> <span class='ocrx_word' id='word_1_802' title='bbox 449 5525 538 5596; x_wconf 82' lang='lat' dir='ltr'><strong>Atque</strong></span> <span class='ocrx_word' id='word_1_803' title='bbox 565 5524 602 5580; x_wconf 86' lang='lat' dir='ltr'><strong>ita</strong></span> <span class='ocrx_word' id='word_1_804' title='bbox 615 5524 724 5596; x_wconf 84' lang='lat' dir='ltr'><strong>quidem</strong></span> <span class='ocrx_word' id='word_1_805' title='bbox 752 5523 779 5579; x_wconf 93' lang='lat' dir='ltr'><strong>in</strong></span> <span class='ocrx_word' id='word_1_806' title='bbox 798 5522 899 5578; x_wconf 91' lang='lat' dir='ltr'><strong>nostris</strong></span> <span class='ocrx_word' id='word_1_807' title='bbox 916 5537 966 5578; x_wconf 88' lang='lat' dir='ltr'><strong>co·</strong></span> <span class='ocrx_word' id='word_1_808' title='bbox 1018 5518 1102 5583; x_wconf 87' lang='lat' dir='ltr'><strong>deos,</strong></span> <span class='ocrx_word' id='word_1_809' title='bbox 1116 5532 1149 5574; x_wconf 91' lang='lat' dir='ltr'><strong>ac</strong></span> <span class='ocrx_word' id='word_1_810' title='bbox 1163 5531 1245 5572; x_wconf 83' lang='lat' dir='ltr'><strong>uanum</strong></span> <span class='ocrx_word' id='word_1_811' title='bbox 1260 5514 1401 5572; x_wconf 80' lang='lat' dir='ltr'><strong>dumtaxat</strong></span> <span class='ocrx_word' id='word_1_812' title='bbox 1413 5528 1475 5569; x_wconf 88' lang='lat' dir='ltr'><strong>csse</strong></span> <span class='ocrx_word' id='word_1_813' title='bbox 1489 5512 1584 5569; x_wconf 82' lang='lat' dir='ltr'><strong>berum.</strong></span> <span class='ocrx_word' id='word_1_814' title='bbox 1598 5510 1665 5566; x_wconf 90' lang='lat' dir='ltr'><strong>Tarn</strong></span> <span class='ocrx_word' id='word_1_815' title='bbox 1678 5524 1742 5566; x_wconf 85' lang='lat' dir='ltr'><strong>uera</strong></span> <span class='ocrx_word' id='word_1_816' title='bbox 1756 5523 1817 5579; x_wconf 83' lang='lat' dir='ltr'><strong>por·</strong></span> 
     </span>
     <span class='ocr_line' id='line_1_58' title="bbox 162 5603 1814 5688; baseline -0.008 -19"><span class='ocrx_word' id='word_1_817' title='bbox 162 5614 269 5671; x_wconf 89' lang='lat' dir='ltr'><strong>dicibus</strong></span> <span class='ocrx_word' id='word_1_818' title='bbox 299 5616 499 5688; x_wconf 84' lang='lat' dir='ltr'><strong>moruuscriptis.</strong></span> <span class='ocrx_word' id='word_1_819' title='bbox 523 5613 582 5673; x_wconf 81' lang='lat' dir='ltr'><strong>Nun</strong></span> <span class='ocrx_word' id='word_1_820' title='bbox 615 5615 707 5672; x_wconf 84' lang='lat' dir='ltr'><strong>nuinus</strong></span> <span class='ocrx_word' id='word_1_821' title='bbox 731 5603 822 5670; x_wconf 86' lang='lat' dir='ltr'><strong>antem</strong></span> <span class='ocrx_word' id='word_1_822' title='bbox 845 5611 966 5671; x_wconf 82' lang='lat' dir='ltr'><strong>haunein</strong></span> <span class='ocrx_word' id='word_1_823' title='bbox 1016 5604 1814 5678; x_wconf 74' lang='lat' dir='ltr'><strong>roillaconlossio,tanupublicum,inquitrluctornoster,</strong></span> 
     </span>
     <span class='ocr_line' id='line_1_59' title="bbox 162 5690 1817 5776; baseline -0.007 -16"><span class='ocrx_word' id='word_1_824' title='bbox 162 5706 281 5775; x_wconf 83' lang='lat' dir='ltr'><strong>antiqnls</strong></span> <span class='ocrx_word' id='word_1_825' title='bbox 294 5706 480 5776; x_wconf 89' lang='lat' dir='ltr'><strong>editionibus,</strong></span> <span class='ocrx_word' id='word_1_826' title='bbox 495 5707 630 5776; x_wconf 62' lang='lat' dir='ltr'><strong>Quantam</strong></span> <span class='ocrx_word' id='word_1_827' title='bbox 641 5717 670 5764; x_wconf 91' lang='lat' dir='ltr'><strong>et</strong></span> <span class='ocrx_word' id='word_1_828' title='bbox 681 5707 708 5763; x_wconf 92' lang='lat' dir='ltr'><strong>in</strong></span> <span class='ocrx_word' id='word_1_829' title='bbox 722 5702 850 5763; x_wconf 82' lang='lat' dir='ltr'><strong>Lacerdae</strong></span> <span class='ocrx_word' id='word_1_830' title='bbox 865 5703 964 5761; x_wconf 90' lang='lat' dir='ltr'><strong>editio·</strong></span> <span class='ocrx_word' id='word_1_831' title='bbox 1016 5703 1201 5762; x_wconf 88' lang='lat' dir='ltr'><strong>testimouium</strong></span> <span class='ocrx_word' id='word_1_832' title='bbox 1216 5700 1387 5757; x_wconf 82' lang='lat' dir='ltr'><strong>Cluristianos</strong></span> <span class='ocrx_word' id='word_1_833' title='bbox 1404 5700 1492 5754; x_wconf 70' lang='lat' dir='ltr'><strong>lairere</strong></span> <span class='ocrx_word' id='word_1_834' title='bbox 1507 5696 1623 5760; x_wconf 84' lang='lat' dir='ltr'><strong>solebat.</strong></span> <span class='ocrx_word' id='word_1_835' title='bbox 1639 5709 1671 5751; x_wconf 88' lang='lat' dir='ltr'><strong>uc</strong></span> <span class='ocrx_word' id='word_1_836' title='bbox 1683 5690 1817 5750; x_wconf 79' lang='lat' dir='ltr'><strong>Christia-</strong></span> 
     </span>
    </p>
   </div>
   <div class='ocr_carea' id='block_1_3' title="bbox 158 5780 1809 5880">
    <p class='ocr_par' dir='ltr' id='par_1_3' title="bbox 158 5780 1809 5880">
     <span class='ocr_line' id='line_1_60' title="bbox 158 5780 1809 5880; baseline -0.006 -24"><span class='ocrx_word' id='word_1_837' title='bbox 158 5813 211 5866; x_wconf 87' lang='lat' dir='ltr'><strong>na,</strong></span> <span class='ocrx_word' id='word_1_838' title='bbox 232 5797 355 5872; x_wconf 77' lang='lat' dir='ltr'><strong>Quando.</strong></span> <span class='ocrx_word' id='word_1_839' title='bbox 367 5795 528 5862; x_wconf 83' lang='lat' dir='ltr'><strong>Tertulliani</strong></span> <span class='ocrx_word' id='word_1_840' title='bbox 542 5802 617 5863; x_wconf 87' lang='lat' dir='ltr'><strong>eninr</strong></span> <span class='ocrx_word' id='word_1_841' title='bbox 631 5814 727 5862; x_wconf 86' lang='lat' dir='ltr'><strong>sensus</strong></span> <span class='ocrx_word' id='word_1_842' title='bbox 743 5808 786 5862; x_wconf 89' lang='lat' dir='ltr'><strong>est</strong></span> <span class='ocrx_word' id='word_1_843' title='bbox 800 5815 808 5859; x_wconf 80' lang='lat' dir='ltr'><strong>s</strong></span> <span class='ocrx_word' id='word_1_844' title='bbox 822 5799 852 5862; x_wconf 84' lang='lat' dir='ltr'><strong>st</strong></span> <span class='ocrx_word' id='word_1_845' title='bbox 863 5797 962 5861; x_wconf 90' lang='lat' dir='ltr'><strong>Cbris·</strong></span> <span class='ocrx_word' id='word_1_846' title='bbox 1015 5812 1057 5857; x_wconf 74' lang='grc' dir='ltr'>[ιιι</span> <span class='ocrx_word' id='word_1_847' title='bbox 1067 5793 1205 5866; x_wconf 83' lang='lat' dir='ltr'><strong>reltqiunis</strong></span> <span class='ocrx_word' id='word_1_848' title='bbox 1217 5792 1338 5853; x_wconf 85' lang='lat' dir='ltr'><strong>stabilire</strong></span> <span class='ocrx_word' id='word_1_849' title='bbox 1349 5801 1377 5853; x_wconf 87' lang='lat' dir='ltr'><strong>et</strong></span> <span class='ocrx_word' id='word_1_850' title='bbox 1389 5789 1549 5880; x_wconf 79' lang='lat' dir='ltr'><strong>condrusto</strong></span> <span class='ocrx_word' id='word_1_851' title='bbox 1563 5788 1705 5848; x_wconf 82' lang='lat' dir='ltr'><strong>acritatem</strong></span> <span class='ocrx_word' id='word_1_852' title='bbox 1724 5780 1809 5859; x_wconf 76' lang='lat' dir='ltr'><strong>(ibid.</strong></span> 
     </span>
    </p>
   </div>
   <div class='ocr_carea' id='block_1_4' title="bbox 0 0 2136 6259">
    <p class='ocr_par' dir='ltr' id='par_1_4' title="bbox 0 0 2136 6259">
     <span class='ocr_line' id='line_1_61' title="bbox 0 0 2136 6259; baseline 0 0"><span class='ocrx_word' id='word_1_853' title='bbox 0 0 2136 6259; x_wconf 95' lang='lat' dir='ltr'><strong> </strong></span> 
     </span>
    </p>
   </div>
  </div>
 </body>
</html>
