4242 6259
297 234 343 304 to
839 211 1239 306 nrnrrrlnnnrrnr
1257 235 1387 304 erare
1894 234 1950 306 roo

297 361 419 436 setieiu
430 366 472 430 rei
489 367 578 443 prinu
590 375 652 427 erm
665 364 778 440 religia
796 364 825 422 in
839 364 931 422 tinello
940 362 972 419 de
991 359 1133 424 dormit
1148 377 1158 413 ι
1181 360 1270 417 uuir.
1290 379 1301 416 r
1319 361 1450 435 decrero
1461 358 1639 422 rmsuestsr
1650 355 1747 421 ducito
1757 402 1765 433 ,
1776 359 1862 437 oroi,
1875 363 1941 434 quid

301 457 405 518 ullius.
418 460 503 520 Porro
516 462 625 530 manum
640 462 778 526 memus,
803 462 874 518 huno
888 459 921 514 t.
936 455 1000 514 cdl.
1015 445 1096 512 m'tu·
1147 452 1199 509 siiri
1210 452 1357 526 soliouqui
1368 453 1404 514 itt
1414 456 1569 528 laniuntur,
1585 454 1759 525 sopenna·
1766 453 1944 526 intellexerit,

298 551 391 612 datum
404 552 491 612 inisse
505 555 603 614 litteris
615 596 623 623 ‚
636 570 698 612 curm
712 554 780 611 liltsr
792 547 1098 610 tieTrstiutoniouuiuru
1148 554 1196 606 aut
1214 544 1364 619 iooeiluem
1386 548 1514 607 uoluerit.
1543 567 1554 603 r
1576 548 1675 608 Libros
1697 549 1771 610 eninr
1793 546 1949 606 Tertulliani

299 644 335 706 sit
347 644 404 702 lere
423 660 518 704 tutus
541 645 623 706 iacnt
635 648 669 704 l.
685 644 800 705 elidit.
823 642 1004 714 compoo‘lnsr
1025 639 1106 698 uude·
1152 656 1163 694 t
1186 637 1401 707 llontanitautis.
1417 642 1509 714 adjicit
1529 642 1651 715 (ulii,
1666 642 1736 699 lortc
1748 657 1887 709 umens,
1902 641 1947 715 qrri

300 735 373 796 iraud
389 736 500 798 dillicds
510 738 563 795 erit
573 738 732 806 miellmtn,
753 735 942 796 Tertullianus·
956 747 1028 790 anne
1039 730 1099 790 iere
1153 748 1163 785 s
1187 731 1294 802 quidem
1308 732 1428 789 Heroni
1439 734 1609 807 dopnurilns
1621 733 1800 804 inlectisunt,
1814 733 1863 792 sed
1876 744 1949 793 recte

300 828 332 885 P.
353 827 384 886 C.
398 827 432 886 ll.
446 828 501 888 lic.
513 830 775 898 teiiomanistorum
788 828 910 904 molibus
930 824 1095 899 adjunxisse.
1153 841 1163 880 r
1185 821 1335 882 sulkrtlot
1360 838 1414 882 non
1440 826 1596 898 crepiturn
1612 824 1779 882 lenteniste
1796 841 1879 893 rcro,
1902 826 1948 897 qul

299 921 335 980 At
347 922 518 996 majoricano
526 924 802 984 dilllnultstiolmotlt
812 931 855 980 est
867 922 953 980 alters
965 917 1096 993 numtiot
1157 932 1167 972 r
1190 914 1315 980 lraresim
1329 931 1384 974 uon
1396 917 1483 974 tolum
1494 911 1640 986 mndnsm,
1654 933 1747 978 rerum
1760 918 1842 975 etism
1854 914 1952 974 eontra

299 1027 413 1088 utrum,
432 1021 565 1092 susoeptis
588 1022 673 1082 retusi
695 1019 917 1080 lloomnistmum
938 1013 1097 1082 mbos,
1152 1028 1162 1060 r
1185 1009 1333 1078 catholicos
1346 1010 1503 1072 deieodunt.
1523 1012 1603 1069 »sed
1617 1012 1696 1069 noirls
1711 1012 1851 1084 iisquequi
1864 1009 1951 1067 italo·

302 1125 441 1184 nunqua„
455 1112 631 1174 ameum
650 1127 682 1177 μ
699 1113 733 1171 ,p
752 1113 894 1185 perpetuum
903 1119 1007 1176 ‚mern
1020 1123 1098 1166 esne.
1149 1110 1279 1172 quantur,
1294 1101 1365 1174 quod
1375 1118 1425 1175 spo
1434 1103 1543 1175 quidem
1556 1104 1653 1171 seiam,
1664 1103 1801 1168 omnibus,
1816 1101 1950 1159 isdieitur

302 1204 388 1277 periti
401 1206 483 1278 Culus
497 1216 587 1270 umen
605 1205 944 1280 masrunuamrmaude
964 1202 1038 1262 nulle
1055 1209 1099 1259 est
1148 1199 1320 1264 medear,
1344 1195 1390 1266 qni
1414 1194 1523 1267 ouidii!
1557 1209 1665 1252 ‘lm
1694 1209 1757 1251 ΝΜ
1782 1194 1950 1266 misdi

302 1298 399 1358 idonea
412 1299 491 1358 ratio.
507 1300 688 1360 demeteret
703 1299 747 1356 isti
762 1298 865 1354 souitu
877 1305 987 1354 ausmre
1003 1303 1033 1354 ol
1051 1310 1100 1351 su·
1149 1299 1307 1346 communes
1317 1287 1462 1356 releotneu
1472 1285 1554 1343 leuet
1564 1287 1732 1358 relsiicioi,
1742 1284 1835 1345 “dili
1846 1295 1947 1356 umen.

301 1392 472 1463 posmodum
483 1392 572 1468 rigido
589 1392 670 1449 itrsila
685 1391 767 1448 antimi
780 1389 1029 1455 conmilitones,
1044 1401 1100 1459 eno
1228 1379 1489 1452 moeremium
1513 1395 1655 1438 mserum
1673 1396 1735 1438 cunt
1750 1395 1799 1437 sua
1827 1379 1949 1440 lieelesia

304 1487 619 1559 severissimorum
630 1485 663 1541 sd
676 1485 758 1542 ιίιιιιι
769 1497 913 1554 numaque
923 1480 1100 1553 pertinerent,
1240 1473 1349 1541 anione,
1360 1473 1479 1532 mudum
1488 1489 1518 1532 se
1527 1474 1671 1532 matelerit
1683 1473 1718 1531 ed
1727 1473 1849 1546 clamem
1863 1473 1951 1530 secie·

300 1568 334 1637 eo
346 1582 431 1652 magis
445 1581 496 1638 ista
507 1581 655 1647 adamaret,
667 1578 844 1649 crederetque
853 1586 927 1634 tanto
939 1574 1023 1646 magis
1034 1587 1099 1645 pro-
1151 1568 1213 1624 tatis
1223 1581 1319 1636 saus,
1340 1582 1456 1640 quocum
1469 1566 1497 1623 ln
1512 1568 1648 1625 nonnullis
1660 1567 1791 1626 doctrinis
1803 1568 1955 1635 consentit:

301 1673 364 1729 irata
388 1673 446 1730 iore
470 1674 527 1734 oen
545 1683 574 1731 et
598 1671 795 1732 consentientis
807 1684 870 1726 oum
889 1668 1098 1726 christianorum
1151 1676 1212 1718 ctum
1224 1660 1385 1718 unumne
1396 1661 1442 1728 sit,
1455 1662 1503 1732 qui
1517 1670 1663 1734 utrumqne
1672 1661 1773 1718 iecerit.
1786 1663 1821 1717 tt
1831 1660 1882 1717 ista
1895 1663 1951 1732 qni·

302 1766 476 1839 perlectione-
490 1771 588 1840 Atqne,
602 1776 631 1824 ut
640 1767 729 1824 solent
743 1766 780 1832 ll,
796 1765 841 1837 qrti
853 1772 910 1820 atra
926 1763 980 1819 lille
996 1727 1137 1819 rottro-B
1154 1753 1218 1810 dem
1243 1751 1417 1821 Rodium
1429 1756 1512 1811 ⁰0¹¹?ss
1526 1769 1619 1812 oomre
1641 1753 1708 1812 dicit
1725 1753 1832 1812 fluibus·
1858 1754 1900 1811 Sil
1913 1756 1949 1812 itt

303 1869 354 1926 tur,
376 1860 526 1917 edaciores
538 1873 600 1918 etse
611 1874 704 1916 eoram
720 1854 1101 1929 omrrirrnt,rpnaenrrtrimsnte
1153 1861 1229 1904 sanc.
1240 1846 1380 1906 ffitrultus
1391 1846 1544 1905 Tertulliani
1557 1847 1725 1905 annuntius
1745 1863 1777 1903 ae
1795 1854 1948 1920 emtus-›-

301 1962 364 2009 sunt
379 1951 514 2021 arluino,
539 1965 687 2024 mosque
700 1949 842 2022 opiniones
859 1963 920 2005 cum
935 1947 1014 2004 tonis
1028 1960 1100 2004 ruera
1151 1964 1191 2003 rs,-
1202 1940 1343 2013 ambipnus
1354 1941 1510 1999 admodrmr.
1518 1941 1588 2010 Quid
1601 1957 1665 2013 erpo
1679 1942 1740 1999 estl
1751 1941 1881 2000 Nimirum
1894 1957 1948 1998 oon

300 2059 398 2117 capere
412 2046 576 2102 incrementa
591 2062 598 2098 ι
615 2044 653 2099 lte
667 2051 710 2100 est
723 2056 818 2115 parurn
837 2040 988 2109 credibile,
1002 2036 1100 2094 Tertul·
1152 2041 1240 2103 potest
1253 2049 1286 2090 es
1297 2035 1371 2089 uuitn
1384 2030 1537 2090 Teretlteut
1548 2033 1684 2105 iradicari,
1710 2034 1824 2091 lectitas
1850 2035 1874 2092 is
1892 2035 1948 2107 jann

303 2138 400 2194 iinnnnr
413 2134 806 2209 istnsoplnionesdcposuiste,
817 2130 1101 2205 istamprereliqoisse
1151 2121 1327 2181 ¹¹¹⁰lll⁰loei⁰
1344 2122 1465 2190 alliud·
1486 2139 1519 2180 ¹¹¹
1542 2123 1636 2181 biiii?
1653 2132 1740 2181 ²³⁶¹„
1753 2123 1871 2196 liddam
1890 2125 1949 2198 ‘lili

302 2229 454 2302 palaestram
470 2271 478 2297 ,
505 2231 532 2285 ln
557 2244 609 2299 uus
627 2226 734 2285 videliet
746 2242 856 2300 operam
871 2240 902 2283 se
914 2238 999 2298 posse
1009 2224 1099 2279 mnni-
1151 2213 1262 2286 impetu.
1276 2215 1310 2272 Et
1323 2216 1348 2272 id
1363 2216 1519 2274 toletanus
1531 2216 1657 2298 quidest,
1678 2232 1731 2274 non
1747 2232 1825 2288 posse
1835 2233 1869 2274 er
1884 2220 1950 2275 leul-

302 2321 353 2379 irns
370 2320 429 2393 ejtrs
442 2320 550 2393 generis
576 2318 813 2377 merdmtienilrnt
836 2317 911 2376 dere.
939 2315 1050 2373 Accedit
1064 2314 1099 2371 od
1151 2306 1201 2365 llos
1212 2307 1371 2379 quibusdam
1384 2309 1469 2380 signis
1482 2323 1606 2365 errorum
1622 2306 1783 2365 Tertulliano
1795 2324 1856 2366 curu
1869 2309 1945 2366 lion·

302 2414 356 2492 lroc
365 2419 421 2469 ton
433 2413 554 2470 omnium
574 2412 675 2478 mode,
695 2409 788 2483 quide
800 2409 880 2467 relius
891 2407 926 2465 ad
936 2421 1001 2464 eunt
1014 2407 1099 2478 perti·
1152 2401 1256 2460 tunistis
1273 2405 1455 2460 communium
1469 2410 1526 2461 tute
1539 2402 1726 2475 cortjici,qund
1737 2404 1792 2476 jem
1803 2404 1858 2476 ipss
1868 2403 1947 2460 linn-

301 2506 426 2563 ncntiirus
445 2504 618 2562 commentati
631 2512 712 2572 sunt,
725 2501 861 2559 silentium
872 2501 964 2567 deso,
979 2498 1050 2572 estod
1064 2497 1099 2555 ed
1152 2496 1310 2554 teuirtarum
1321 2511 1398 2556 sacre
1424 2498 1583 2568 susceperit.
1610 2496 1701 2569 Neque
1712 2507 1801 2555 tamen
1815 2497 1842 2553 ld
1855 2498 1890 2553 ita
1905 2498 1948 2554 ln·

301 2598 459 2671 religionem
473 2597 611 2669 pristinam
625 2595 737 2654 redierit
751 2636 760 2665 ,
772 2593 820 2653 sed
833 2594 889 2666 ipso
901 2594 983 2650 etiarn
993 2591 1098 2664 Amut-
1153 2590 1286 2647 tellectum
1299 2591 1637 2663 rolnmrrs,qttasitpurium
1648 2600 1783 2657 coemant
1793 2599 1946 2663 suspectum

301 2694 348 2747 tini
360 2691 491 2764 professio
514 2691 524 2763 (
541 2690 579 2748 lle
591 2690 747 2757 lerenius,
773 2704 832 2761 rep.
845 2686 905 2757 80.)
924 2685 1100 2756 omniumque
1151 2696 1233 2740 omae
1244 2692 1448 2754 argumentum,
1471 2683 1544 2754 qued
1556 2683 1691 2740 ducltnra
1706 2684 1836 2740 doctrinis
1846 2683 1949 2740 Monta·

303 2780 467 2860 consuimus,
491 2783 537 2855 qni
561 2783 621 2855 elus
634 2782 822 2839 eustorittttem
838 2777 1009 2838 indestrinis
1030 2791 1097 2849 pro·
1151 2773 1282 2830 mistarum
1307 2776 1334 2832 itt
1357 2776 1433 2846 iroc,
1460 2775 1541 2833 lilors
1564 2776 1633 2833 liirro
1654 2775 1808 2834 Tertulliani
1817 2776 1902 2833 obuiis
1911 2776 1945 2834 etl

301 2877 398 2935 itandis
422 2877 566 2935 admittere
587 2874 751 2943 noluerunt,
777 2873 904 2945 quonism
927 2870 961 2929 ad
973 2884 1099 2944 pervorse
1149 2863 1357 2922 Monunlsmttut
1370 2866 1515 2924 istltliirrie
1527 2867 1714 2951 emerendum.
1729 2867 1880 2926 Suntsmm
1894 2871 1946 2928 ista

301 2969 475 3027 sentientium
489 2979 579 3042 partos
598 2985 629 3027 se
642 2967 812 3027 contulisset.
844 2965 937 3036 Neque
957 2979 1019 3024 cum
1035 2978 1100 3022 son·
1150 2956 1339 3016 inredneset
1354 2959 1946 3040 quasitermini,quiirusutendnmrrlritror,

303 3065 386 3119 tentia
401 3054 491 3119 nostra
506 3069 628 3135 pugnant
640 3060 702 3117 iibri
721 3060 739 3116 li
755 3103 763 3128 ,
779 3073 847 3132 nuos
860 3073 923 3115 ento
935 3056 1030 3114 uitium
1040 3056 1135 3154 lsrsC
1150 3067 1186 3109 ne
1196 3053 1231 3109 de
1245 3051 1398 3136 Tertulliani
1412 3055 1611 3124 liontanismo,
1637 3070 1671 3113 es
1682 3055 1741 3126 cjnt
1760 3055 1834 3112 libris
1845 3070 1950 3127 coguo-

301 3154 363 3212 ioco
372 3156 514 3227 scripsisse
533 3154 727 3221 ostendemus,
748 3153 792 3224 qni
803 3166 872 3225 pene
884 3165 981 3208 omnes
994 3149 1100 3222 aliquas
1151 3146 1266 3214 scendo,
1281 3161 1375 3218 parum
1390 3157 1435 3204 ant
1461 3145 1572 3203 nimium
1594 3146 1775 3219 plrilnsoplrari
1795 3140 1946 3204 rideamirr.

302 3246 403 3305 labent
415 3247 534 3304 macarias
553 3261 676 3304 errorum
689 3244 938 3302 liontmrlstlcorunr
963 3257 1097 3315 aspemas.
1153 3238 1269 3298 Primam
1277 3239 1453 3314 igitnriegeut
1464 3241 1570 3311 cinerei
1581 3239 1733 3312 indicanda
1744 3238 1948 3302 hancrolnmus

300 3338 340 3396 Sit
352 3340 501 3411 igiturlraec
514 3353 545 3397 ea
561 3338 587 3395 in
599 3354 629 3396 re
643 3339 798 3411 preceptio,
815 3346 845 3394 nt
862 3350 957 3394 omncs
979 3337 1023 3394 isti
1038 3336 1100 3394 itini
1150 3347 1231 3399 mse,
1256 3343 1284 3389 ul
1298 3333 1431 3403 eiusmodi
1445 3334 1514 3391 lilter
1527 3333 1658 3391 heleuter
1671 3334 1801 3391 lusorem
1814 3348 1948 3404 numero,

301 3430 490 3488 existimentur
511 3430 545 3486 air
559 3431 619 3502 ipso
632 3441 692 3504 post
709 3430 905 3488 discessionem
917 3444 993 3490 suem
1007 3429 1101 3487 ciebo
1140 3439 1229 3497 ‚quon
1245 3424 1353 3482 inmitia
1363 3424 1653 3497 ilontanistsrnnrjam
1665 3425 1828 3498 aucturus,
1841 3440 1951 3499 compo

301 3523 352 3578 rati
364 3563 372 3588 ,
385 3538 454 3593 quos
468 3533 579 3596 apparet
594 3533 654 3595 post
667 3523 735 3579 aiios
748 3513 836 3604 luisse
847 3522 1013 3594 compositos
1028 3561 1037 3590 ,
1053 3522 1100 3593 qul
1151 3519 1257 3584 suerit,
1284 3519 1311 3575 in
1334 3534 1388 3594 quo
1400 3520 1517 3578 occurrit
1540 3534 1638 3577 nomen
1661 3517 1858 3601 Psmiieorunr.
1882 3519 1951 3577 Erat

301 3614 413 3671 istorum
425 3630 546 3673 smmum
558 3627 670 3688 possum
683 3616 753 3672 lraud
767 3614 989 3672 dubieconrlnci.
1152 3614 1223 3672 enim
1241 3613 1293 3670 noe
1312 3613 1395 3670 ueluti
1409 3613 1585 3685 symbolum,
1614 3628 1669 3686 prro
1681 3614 1770 3671 socios
1790 3612 1950 3672 enumera
2000 3617 2006 3627 “

303 3705 364 3780 li.
381 3737 417 3749 -
442 3706 575 3775 Quomodo
600 3706 772 3764 Tertullianus
793 3705 973 3763 Tlouteuisatu
991 3722 1009 3762 o
1024 3704 1100 3768 lton·
1151 3704 1374 3763 motuterrae
1383 3717 1464 3762 uecta
1474 3705 1638 3773 irorninilrus,
1650 3722 1718 3778 qnos
1727 3706 1860 3778 spirinles
1870 3706 1948 3776 dicit,

338 3801 431 3855 lanista
442 3801 550 3856 disserui
565 3801 659 3872 possiti
673 3800 705 3856 lit
719 3802 797 3872 iuius
809 3800 968 3858 mmmrrtlnit
980 3800 1101 3857 unitae
1151 3798 1329 3879 distingueret
1340 3796 1388 3872 (V.
1404 3798 1597 3868 Tertullianum,
1609 3802 1642 3858 de
1659 3802 1834 3875 Herropentie,
1845 3818 1903 3873 cup.
1919 3800 1949 3872 t,

340 3894 459 3951 ndousns
468 3892 663 3963 doffntcnnnnr.
1153 3891 1215 3948 edin
1236 3890 1297 3947 iiie.
1313 3891 1420 3966 Riueltii
1432 3891 1475 3949 ll.
1485 3911 1512 3965 p.
1527 3893 1590 3951 ulo.
1604 3892 1665 3967 li.);
1681 3904 1763 3965 alone
1774 3894 1879 3952 ridetur
1891 3903 1951 3952 tunt

340 3989 374 4045 it
384 3998 447 4046 sunt
457 3988 581 4060 permulti
593 4005 611 4048 e
623 3987 780 4048 Tertulliani
794 3987 888 4057 liaris,
903 3998 1017 4075 purtim
1032 3996 1099 4048 aelts
1153 3984 1211 4042 iere
1224 3985 1368 4043 confictum
1381 4028 1388 4053 ,
1402 4001 1463 4043 enm
1477 4001 1536 4056 ees,
1551 3987 1596 4059 qui
1609 3987 1722 4059 rigidam
1735 3987 1852 4044 llontenl
1865 3986 1951 4044 discl-

302 4097 363 4140 oum
376 4083 544 4143 curiosorum
557 4097 669 4144 tramea
683 4081 878 4162 subteringiet,
892 4081 966 4148 uuila
979 4080 1097 4151 unbem,
1151 4078 1252 4151 plinam
1263 4093 1316 4135 non
1331 4079 1497 4150 recipiebant
1511 4119 1519 4146 ,
1534 4094 1688 4152 oppugnare
1702 4080 1843 4152 inciperet.
1856 4078 1953 4152 Neque

302 4175 354 4231 nisi
364 4173 486 4246 nrrcdnn
510 4189 634 4231 errorum
646 4172 896 4231 ilontenisticornm
918 4175 1032 4252 cungle
1046 4174 1099 4234 silli
1151 4167 1179 4225 id
1186 4170 1303 4225 occurrit
1312 4169 1338 4224 in
1350 4168 1405 4225 nilo
1414 4169 1483 4226 lilrro
1490 4169 1555 4237 alio,
1570 4185 1649 4242 quern
1661 4169 1790 4240 temporit
1802 4178 1849 4226 unt
1862 4170 1951 4241 ipsium
2005 4203 2013 4220 ι

302 4267 451 4338 irnrpressa,
467 4265 590 4342 equibus
600 4267 643 4323 rix
659 4277 748 4324 tamen
764 4276 853 4339 potest
864 4266 979 4339 judicari
995 4283 1100 4340 ,quoe
1152 4260 1281 4318 doctrinae
1295 4263 1363 4318 telio
1375 4261 1520 4319 adradunt
1534 4272 1599 4320 ente
1621 4262 1680 4334 ejns
1694 4261 1870 4320 deiectionem
1882 4278 1953 4320 con·

302 4372 365 4413 num
380 4357 461 4416 libros
478 4365 558 4423 ante,
572 4373 702 4431 quosnam
714 4358 961 4430 postdelcctionem
975 4374 1050 4417 suam
1064 4360 1098 4418 ad
1139 4355 1281 4425 'millium
1292 4351 1491 4426 'dimidii'e
1505 4370 1559 4412 ⁰⁰¹¹
1570 4355 1880 4426 renuntiandamque
1893 4355 1952 4412 ⁸5³²

267 4493 270 4498 .
302 4447 478 4508 linntanlstas
490 4450 690 4523 conscripserit.
707 4448 785 4508 llnde
798 4452 894 4509 iactum
908 4461 966 4520 est,
989 4463 1035 4520 nt,
1053 4454 1099 4526 qul
1111 4454 1140 4522 Ι)
1152 4450 1196 4508 isti
1212 4449 1284 4518 liiri,
1297 4449 1515 4523 aulocrenen
1537 4450 1693 4520 contiueat,
1702 4466 1797 4509 omnes
1810 4456 1870 4523 post
1882 4463 1948 4510 sus·

303 4542 353 4600 ista
366 4543 491 4601 subtilius
505 4553 649 4618 quarunt,
674 4543 870 4602 Tertullianum
885 4544 1099 4606 llontenittaort
1152 4553 1259 4615 ceptum
1273 4542 1479 4600 Monunlsmum
1488 4545 1602 4602 esernti.
1616 4544 1687 4601 liter
1700 4559 1787 4602 ennon
1803 4543 1849 4600 laic
1861 4552 1923 4601 esto
1939 4560 1948 4599 r

304 4633 497 4692 llorrtnnianute
517 4634 735 4707 distinguendum
761 4635 905 4693 meslend
920 4635 1010 4708 inepte
1024 4636 1099 4694 dice·
1151 4639 1240 4692 omnis
1250 4635 1317 4693 liber
1330 4636 1528 4694 Tertullianios
1542 4636 1658 4695 llonuni
1672 4638 1779 4696 olisius
1788 4638 1889 4695 exisse
1898 4652 1951 4710 prr·

278 4725 283 4732 “
303 4737 373 4784 rent.
389 4726 442 4784 Sed
455 4727 535 4792 aliter
547 4728 634 4784 visum
648 4727 743 4786 estio.
756 4726 830 4786 Gnll.
852 4727 1023 4797 linimento,
1034 4730 1100 4786 doc·
1152 4738 1243 4800 tetur,
1257 4731 1303 4808 qui
1316 4731 1454 4796 doctrines
1467 4741 1562 4796 tractat
1575 4751 1629 4798 nnn
1643 4734 1751 4808 cuidem
1771 4733 1948 4798 liontanista·

304 4819 407 4876 tlssimo
426 4820 491 4878 olim
504 4820 532 4877 ln
543 4819 686 4879 Academia
697 4820 883 4895 Vitelrerpensi
893 4819 1020 4880 ilistorlu
1031 4820 1100 4879 doc·
1152 4840 1211 4881 rum
1225 4825 1368 4897 proprias,
1386 4824 1433 4882 sed
1448 4835 1536 4883 tamen
1554 4827 1683 4884 Perusini
1700 4821 1841 4900 cujusdam
1855 4836 1949 4884 ancto-
2026 4825 2038 4838 ”

304 4911 375 4978 tori,
401 4912 465 4983 qui,
491 4928 553 4970 cum
570 4914 597 4970 ln
618 4929 651 4972 ca
664 4922 736 4973 esset
754 4915 909 4983 mutuatis,
931 4923 961 4971 ut
975 4915 1099 4974 crederet
1150 4917 1229 4973 ritate
1241 4899 1423 4977 confirmatas.
1436 4903 1557 4993 Nemone
1572 4920 1616 4979 iric
1635 4931 1694 4979 erat
1707 4921 1830 4993 upltalis
1841 4921 1948 4978 Monta·

304 5003 394 5061 omnia
416 5001 592 5076 Tertulliani,
616 5023 677 5080 quas
689 5016 854 5080 supersunt,
875 5007 903 5064 in
919 5007 1100 5065 mannitione
1150 5010 1453 5084 nistarttmerror,rpuod
1461 5013 1950 5086 Paracletunrlsctarentsuotcmpore

303 5096 402 5169 scripta
413 5096 506 5168 inisse,
526 5098 578 5155 lroc
591 5099 642 5156 sibl
655 5099 894 5157 demonstrandum
906 5100 1100 5159 dissertatione
1150 5103 1257 5161 uenisse
1268 5105 1361 5172 telem,
1376 5105 1422 5178 qni
1437 5115 1465 5163 et
1484 5108 1538 5162 dax
1550 5106 1665 5166 estred
1677 5108 1949 5175 sulutem'omnem,

302 5190 430 5266 singulari
444 5201 595 5266 sumpserat
604 5191 767 5266 (vilaborum
778 5193 912 5268 liiidie
921 5194 1098 5268 quidenrpni·
1150 5207 1256 5253 ctnora
1272 5213 1361 5255 rerurn
1376 5196 1527 5256 diuinarum
1551 5200 1661 5258 seientia
1675 5199 1812 5257 auditores
1820 5213 1885 5256 suos
1899 5198 1949 5254 im·

302 5282 368 5341 cirre
379 5285 558 5357 perspiciens,
583 5285 605 5341 si
620 5284 671 5342 ista
685 5285 819 5344 subtilitas
833 5287 1033 5356 admitteretur,
1046 5288 1097 5346 rle·
1150 5291 1245 5351 irroret
1258 5290 1306 5358 iu,
1322 5300 1352 5354 ul
1365 5301 1578 5365 coruoseeoetti.
1600 5309 1662 5367 titre
1675 5292 1807 5366 pateieeta
1819 5292 1887 5352 nulii
1900 5306 1946 5350 ss-

305 5375 527 5433 rnonslrationcm
549 5390 626 5434 sunm
639 5376 738 5448 aliquid
751 5392 812 5435 esse
824 5378 979 5438 detrimenti
1003 5389 1099 5453 captu·
1150 5393 1210 5439 sent
1223 5384 1380 5460 antiquioris
1393 5387 1530 5444 meruerim
1545 5387 1645 5445 lrominl
1660 5429 1669 5460 ,
1691 5397 1719 5446 et
1738 5388 1772 5444 ad
1792 5390 1939 5447 maximam

301 5479 380 5534 rom,
396 5469 501 5540 negarit
519 5469 569 5526 lroc
578 5463 683 5526 admitti
701 5469 845 5529 discrimen
861 5485 949 5543 posse.
968 5490 979 5526 ι
993 5473 1099 5531 Carere
1151 5472 1341 5546 perlectionem
1354 5492 1425 5534 nunc
1434 5478 1554 5551 aspirare
1576 5489 1686 5552 possem
1709 5480 1719 5555 (
1740 5479 1771 5538 l'.
1786 5480 1900 5537 eumden
1914 5478 1945 5536 ln

305 5577 316 5613 ι
338 5559 409 5617 enim
424 5560 487 5631 iroc,
500 5562 538 5619 ait
552 5603 559 5631 ,
572 5563 583 5634 (
596 5560 611 5638 i
625 5560 669 5619 lii.
684 5579 712 5636 p.
729 5563 772 5620 l'l.
784 5562 795 5638 l
808 5562 906 5622 linibus
915 5566 1017 5634 certis,
1044 5580 1096 5623 nee
1150 5565 1214 5622 libro
1228 5566 1261 5624 de
1272 5568 1604 5646 osundlsuirpiulius,·cop.
1616 5569 1674 5630 l.et
1688 5572 1946 5630 enuntiaremus

304 5668 316 5704 r
339 5650 587 5727 minusnrnlrignnm
600 5655 769 5712 csscrultum
779 5655 983 5715 llontanlaantls
993 5655 1100 5715 etllon·
1151 5655 1456 5736 decennarius.
1470 5663 1534 5726 tol.
1543 5664 1599 5739 li).
1614 5666 1702 5739 itque
1716 5666 1796 5740 lunius
1810 5650 1947 5728 Pmaclrtf

304 5755 317 5799 t
339 5743 460 5815 lanistae,
474 5760 553 5818 quant
567 5745 637 5819 elus,
653 5747 698 5819 qul
711 5749 996 5824 municissimum
1005 5763 1098 5824 epro-
1149 5750 1312 5824 agnitionem
1324 5766 1373 5828 se,
1385 5755 1440 5828 ait,
1454 5756 1604 5830 scientiore
1613 5757 1649 5817 eit
1661 5758 1784 5821 Ecclesia
1797 5745 1957 5833 (dmum
