4242 6259
307 254 360 324 eta
1016 247 1248 311 inundantum
1904 265 1959 327 ιιι

302 381 419 431 mortona
436 371 541 437 timeri,
557 382 610 427 uon
632 376 662 425 ut
679 367 725 443 (1)
746 367 848 444 aliquid
873 369 1038 438 minantem,
1059 370 1107 427 sed
1120 373 1146 436 Α
1160 378 1251 442 putem
1263 370 1386 443 cuiquam
1401 370 1525 430 tricolum
1539 380 1567 431 et
1580 373 1705 447 trigidum
1720 376 1806 437 rideri
1819 393 1917 452 posse,
1932 384 1957 442 si

304 475 336 522 ut
360 464 531 523 commodum
558 463 620 519 uitae
650 471 833 532 amputantem
862 464 977 535 :atquin
1004 473 1106 521 cuntot
1158 461 1291 534 recogitet
1305 472 1409 520 natura
1420 466 1589 537 majestatem
1601 508 1608 534 ,
1622 482 1655 524 ex
1670 484 1723 540 qua
1732 478 1861 529 censetur
1871 484 1962 532 aucto·

301 556 474 616 incommoda
497 556 576 628 longe
600 554 676 626 plora
705 556 767 612 ritae
789 554 945 628 panteria)
971 555 1105 625 excedas,
1158 555 1224 611 ritus
1248 556 1355 611 atrimae.
1378 556 1513 626 Quantum
1538 558 1645 616 dederis
1668 562 1826 634 magistrae,
1857 573 1960 624 tautum

258 644 259 647 ’
313 649 352 722 (3)
377 659 404 705 ιι
430 647 577 705 lucratione
599 647 729 720 grauioris
762 648 845 719 partis
876 655 977 704 metum
1004 646 1106 716 diluis',
1159 647 1326 719 adjudicabis
1340 649 1490 722 discipule.
1506 650 1633 723 blaqlstra
1647 662 1760 722 natura,
1777 656 1960 717 animadisci·

311 755 364 798 nec
374 740 430 813 jam
451 740 569 796 timenda
583 749 624 798 est
642 740 752 796 amissio
766 740 918 806 bonorum,
939 755 999 812 quac
1020 740 1107 796 altero
1160 741 1232 817 pula,
1244 742 1376 815 Quicquid
1389 754 1436 800 aut
1449 744 1494 801 illa
1506 746 1632 815 edocuit,
1645 755 1691 804 aut
1702 748 1752 805 ista
1768 750 1929 821 perdidicit:
1941 770 1958 811 ι

304 835 394 904 buno,
420 834 504 891 idest
530 835 761 891 incommodorum
786 849 872 906 pace,
894 831 1106 906 pennamellari
1160 833 1217 889 beo
1230 834 1357 891 traditum
1372 845 1430 905 est,
1445 837 1574 909 magistro
1593 838 1698 898 scilicet
1710 840 1794 913 ipsius
1813 844 1959 918 magistrae.

310 940 353 987 est
366 930 513 987 timendum
537 930 589 1001 (ι),
604 925 1103 1002 quoduosliberatabouunitimendo.
1157 928 1225 998 Quid
1251 930 1339 986 anima
1365 932 1497 1004 possitde
1519 933 1660 1006 principali
1684 936 1838 994 institutore
1852 954 1955 1011 praesu-

303 1024 333 1081 Sl
347 1024 426 1080 times
440 1023 494 1079 rita
509 1022 657 1091 decedere,
682 1023 745 1095 quia
769 1022 898 1093 optimam
922 1021 992 1076 nosti
1007 1036 1015 1074 a
1030 1028 1106 1076 certe
1157 1035 1249 1090 merc,
1274 1023 1301 1078 in
1326 1031 1353 1080 te
1373 1032 1417 1081 est
1437 1025 1573 1082 aestimare
1587 1024 1621 1082 de
1641 1041 1673 1083 ea
1687 1042 1748 1100 que
1761 1028 1804 1102 (9)
1817 1028 1844 1087 in
1866 1040 1893 1089 te
1905 1041 1958 1090 est.

303 1130 419 1179 mortem
434 1121 532 1177 timere
547 1135 599 1177 uon
624 1118 725 1185 debes,
738 1134 817 1191 quam
832 1115 932 1172 maiam
958 1114 1057 1171 nescis.
1073 1116 1107 1170 dt
1162 1112 1238 1172 Senti
1251 1112 1343 1182 illam,
1354 1131 1415 1187 quae
1430 1123 1460 1172 ιιι
1471 1117 1572 1174 sentias
1592 1117 1691 1176 cibcitl
1713 1122 1832 1194 recogita
1846 1123 1874 1179 in
1888 1138 1961 1195 prm·

303 1230 365 1272 cunt
381 1214 480 1285 tiques,
503 1214 557 1270 scis
572 1212 682 1269 matam.
705 1210 763 1267 Nun
780 1211 864 1267 scires
890 1218 980 1265 autem
1006 1207 1106 1264 malam
1160 1209 1245 1281 sagils
1265 1216 1372 1277 uatem,
1399 1210 1426 1266 iu
1449 1211 1584 1268 ominibus
1603 1227 1748 1285 augurem,
1773 1215 1799 1271 iu
1817 1216 1959 1275 cretatibus

301 1307 365 1381 quia
387 1322 437 1364 nce
461 1307 587 1371 timeres,
612 1306 635 1361 si
657 1319 711 1361 uou
726 1303 811 1360 scires
836 1300 937 1373 aliquid
963 1315 1024 1357 esse
1039 1307 1102 1371 post
1161 1302 1324 1373 prospicem.
1341 1302 1439 1360 illrum
1454 1304 1478 1360 si
1492 1319 1508 1360 a
1525 1304 1580 1361 bec
1595 1304 1657 1362 data
1672 1306 1786 1375 bomini,
1801 1311 1877 1367 norit
1889 1310 1961 1369 diri·

305 1406 438 1465 mortem,
454 1396 525 1469 quod
547 1411 607 1453 eam
622 1395 719 1452 malam
734 1392 832 1461 iaciat,
847 1400 877 1448 ut
901 1389 1108 1447 timeastlmit·
1159 1409 1235 1451 nare.
1250 1393 1317 1450 Taua
1343 1395 1459 1465 mirum,
1484 1396 1584 1454 sicum
1609 1413 1626 1455 a
1647 1414 1701 1470 quo
1715 1400 1777 1457 data
1799 1412 1855 1471 est,
1870 1404 1958 1461 tacuit.

302 1500 393 1548 tamus
403 1505 474 1547 nunc
486 1489 635 1546 naturalem
646 1487 759 1545 sormam
772 1483 882 1542 timendi
895 1481 1107 1540 mnnemitema
1158 1483 1247 1541 Etiam
1261 1485 1444 1544 circumuenta
1468 1488 1503 1544 ab
1515 1487 1680 1556 aduersario,
1703 1492 1825 1549 meminit
1836 1494 1878 1550 sui
1888 1510 1954 1561 aue·

306 1583 419 1653 timeat,
435 1580 507 1654 quod
529 1579 645 1637 eradere
666 1594 720 1634 nou
742 1586 841 1650 potest.
863 1576 901 1632 En
917 1575 1002 1631 altera
1025 1582 1102 1646 purte
1167 1577 1250 1645 toris,
1265 1586 1294 1633 et
1316 1578 1461 1648 bonitatis,
1475 1588 1503 1637 et
1515 1579 1618 1638 decreti
1631 1586 1707 1655 elus,
1730 1594 1758 1640 et
1770 1584 1860 1642 exitus
1873 1588 1915 1643 sui
1929 1599 1958 1647 et

303 1674 485 1748 congredior,
501 1672 614 1729 laetioris
633 1670 689 1742 spei
710 1679 772 1742 post
786 1678 910 1725 mortem.
925 1667 993 1724 Nam
1013 1666 1103 1723 omni·
1162 1668 1228 1743 (lb)
1249 1669 1397 1727 aduersarii
1420 1671 1515 1743 ipsius.
1529 1671 1575 1729 Sic
1598 1675 1714 1743 mirum,
1731 1676 1754 1731 si
1774 1676 1861 1735 abeo
1879 1678 1958 1751 data,
2006 1662 2010 1681 '

305 1769 356 1826 bus
369 1767 426 1824 iere
440 1766 558 1839 ingenita
570 1773 611 1822 est
624 1763 703 1820 lamae
712 1770 896 1835 postmortem
909 1759 1017 1832 cupido.
1033 1759 1103 1815 Lon·
1118 1743 1143 1803 Β
1157 1761 1252 1820 cadem
1263 1765 1353 1831 canit,
1379 1779 1439 1836 qum
1452 1765 1523 1823 Deus
1541 1766 1597 1822 suis
1617 1766 1692 1825 dedit
1714 1783 1806 1826 nome.
1829 1769 1883 1828 Sed
1908 1773 1954 1844 qui

308 1878 370 1934 qum
397 1871 440 1919 est
462 1867 587 1917 retexere
609 1857 647 1931 (ι)
672 1856 778 1915 Curtios
793 1855 829 1928 (c)
852 1864 878 1911 et
902 1853 1037 1926 Regulos,
1061 1853 1106 1909 uel
1156 1854 1505 1929 ejusmodilil)eruptiones
1518 1858 1615 1914 animae
1626 1874 1680 1916 uon
1694 1861 1796 1931 putarit
1807 1860 1957 1920 doctrinam

306 1955 416 2014 cineas
428 1954 519 2021 uiros,
533 1967 647 2025 quorum
658 1952 797 2008 innumera
813 1949 853 2021 (l)
864 1949 950 2020 elogia
966 1955 1029 2004 sunt
1040 1960 1107 2003 cun·
1156 1960 1217 2004 esse
1231 1957 1333 2004 naturae
1342 1956 1370 2005 et
1382 1947 1600 2024 (lilcougenitae
1611 1958 1639 2007 et
1649 1951 1774 2023 ingenite
1787 1954 1959 2011 conscientie

303 2054 413 2119 tempta
430 2047 530 2102 rnortis
544 2051 654 2116 propter
663 2042 835 2117 posthumam
850 2040 957 2096 lamam.
971 2038 1038 2107 Quis
1051 2051 1104 2109 nou
1157 2039 1215 2115 (1.1)
1231 2041 1310 2098 tacita
1322 2041 1478 2111 commissa,
1488 2042 1559 2100 dicet
1573 2044 1662 2114 potius
1674 2044 1837 2103 diventilatis
1850 2047 1876 2103 iu
1897 2047 1957 2103 uul-

303 2140 384 2198 bodle
397 2139 534 2197 memoriae
544 2147 605 2210 post
615 2146 730 2194 mortem
744 2133 946 2206 frequentandae
957 2133 993 2189 ita
1002 2131 1103 2201 studet,
1158 2145 1208 2204 qus
1221 2131 1405 2204 opinionibus,
1416 2133 1476 2207 (11)
1492 2135 1686 2207 publicatarum
1696 2136 1845 2195 litterarum
1861 2154 1957 2209 usum,

302 2244 333 2291 ut
354 2233 398 2290 rel
420 2232 580 2289 litterature
602 2228 801 2303 operibus,rel
816 2226 931 2298 simplici
943 2226 1030 2299 {laude
1046 2240 1105 2283 mo·
1164 2225 1263 2298 iamet
1281 2227 1357 2298 quasi
1379 2227 1472 2283 uitium
1497 2229 1701 2286 corroborautm
1725 2232 1815 2289 taliter
1828 2234 1959 2290 sermoci-

304 2339 383 2394 rum,
405 2322 451 2380 acl
476 2323 596 2394 ipsorum
618 2320 804 2392 sepulcrorum
819 2318 981 2385 ambitione,
1004 2331 1104 2373 nomen
1158 2316 1250 2374 nandi.
1264 2317 1345 2375 Certe
1358 2318 1433 2390 prior
1447 2321 1550 2388 anima,
1565 2337 1644 2393 quam
1660 2322 1749 2379 littera
1768 2322 1826 2397 (();
1846 2337 1874 2382 ιι
1885 2327 1959 2398 prior

304 2418 381 2475 tuum
396 2425 486 2474 seruet
505 2415 564 2491 (dli
581 2413 658 2472 llude
672 2414 759 2470 anima
775 2410 816 2486 (ti)
830 2410 910 2470 bodie
921 2410 1047 2468 adestare
1057 2409 1107 2467 ali·
1157 2424 1262 2478 sermo,
1287 2426 1367 2483 quam
1382 2411 1465 2481 liber,
1490 2423 1518 2471 et
1532 2414 1605 2485 prior
1629 2430 1741 2482 sensus,
1756 2432 1837 2488 quam
1850 2419 1955 2492 stylum

308 2494 391 2584 quid,
411 2510 483 2583 quod
496 2510 561 2567 reiut
574 2517 782 2582 postmortem,
797 2514 825 2564 ct
846 2515 987 2578 tantopere
999 2519 1107 2577 praepa·
1156 2512 1185 2559 et
1196 2500 1358 2574 priorlnorno
1371 2503 1437 2576 ipse,
1447 2519 1528 2577 quarn
1539 2504 1713 2579 plrilosopbus
1725 2515 1754 2563 et
1767 2518 1856 2578 pocta.
1870 2509 1955 2566 Num·

305 2618 385 2672 rare,
400 2604 441 2676 (6)
455 2617 509 2676 quo
522 2604 558 2658 sit
567 2616 647 2658 usura
662 2610 723 2673 post
735 2600 858 2658 obitum:
874 2599 897 2656 si
912 2598 981 2655 nibil
994 2599 1027 2655 de
1038 2612 1105 2669 pos·
1157 2595 1221 2668 quid
1231 2610 1297 2667 erqo
1310 2595 1476 2654 credendum
1489 2609 1549 2668 est,
1565 2608 1629 2656 ante
1643 2599 1816 2656 litteraturam
1827 2608 1856 2657 et
1867 2601 1960 2658 dicul·

310 2684 372 2752 tero
383 2694 485 2751 scirett
506 2693 559 2751 scd
573 2693 683 2750 forsitan
697 2692 732 2749 de
745 2706 827 2750 sensu
838 2699 900 2763 post
916 2683 1056 2748 excessum
1070 2690 1108 2745 tul
1156 2689 1291 2761 gautonem
1302 2689 1362 2761 ejus
1373 2690 1575 2764 mutosabsque
1589 2691 1740 2765 huiusmodi
1755 2694 1960 2765 pronuntiatio·

303 2786 453 2854 certiores,
476 2801 556 2858 quam
577 2786 612 2842 de
624 2787 823 2843 resurreetione
837 2782 1106 2857 quandoque,eujus
1157 2779 1238 2837 uibus
1260 2780 1384 2839 beminen
1403 2783 1525 2840 uixisset
1550 2783 1637 2841 Nemo
1655 2785 1736 2842 deum
1758 2795 1787 2842 et
1807 2786 1957 2851 bonitatem

300 2893 352 2937 uos
369 2886 581 2951 presumptures
589 2878 760 2936 denotamur.
773 2876 872 2950 Atquin
884 2876 936 2933 boc
950 2889 1058 2949 quoque
1070 2875 1105 2932 ab
1157 2873 1225 2946 eius,
1242 2888 1323 2932 uerno
1336 2884 1451 2932 mortem
1463 2918 1472 2946 ,
1484 2891 1566 2934 neruo
1578 2876 1679 2934 inferos
1692 2877 1867 2949 loquebatur:
1879 2895 1957 2936 men·

303 2972 395 3027 anima
418 2970 590 3043 praedicatur.
617 2969 684 3026 Nam
711 2969 734 3026 si
757 2968 792 3026 de
814 2968 906 3042 aliquo
917 2969 974 3041 jam
997 2967 1102 3042 pridem
1156 2966 1265 3024 dicabat
1275 2981 1384 3037 sermo,
1399 2967 1515 3039 opinor,
1531 2969 1586 3025 imo
1608 2984 1659 3026 nec
1673 2969 1743 3027 ullus
1757 2984 1818 3027 csse
1831 2979 1954 3042 poterat,

301 3062 434 3122 defuncto
461 3073 589 3136 tanquam
619 3062 662 3137 (1)
693 3062 757 3119 uiro
787 3061 849 3134 quis
883 3062 1018 3135 requirat,
1045 3076 1102 3134 prae
1128 3080 1131 3085 ·
1153 3059 1322 3117 cessantibus
1336 3060 1513 3128 etiamtunc,
1528 3061 1950 3135 sinequtuuseaiamuodlejam

300 3171 385 3214 manu
410 3154 529 3214 occurrit
555 3154 645 3214 dicere
674 3172 682 3211 a
708 3154 781 3212 Abiit
796 3153 852 3226 jam
879 3152 929 3229 (e),
951 3161 979 3213 ιι
1001 3153 1100 3212 reverti
1113 3163 1137 3228 c
1152 3150 1269 3221 beatior,
1283 3161 1310 3208 et
1322 3151 1491 3224 locupletior,
1502 3160 1530 3211 et
1543 3154 1700 3225 prudentior
1710 3170 1771 3213 esse
1785 3169 1837 3214 nou
1850 3164 1953 3228 potest,

299 3247 393 3307 debet.
1151 3244 1176 3302 si
1189 3259 1221 3302 ea
1236 3259 1297 3317 quae
1323 3251 1379 3301 tam
1394 3243 1503 3318 facilia,
1526 3257 1581 3303 taur
1604 3247 1732 3317 assidua,
1755 3258 1809 3305 tarn
1833 3251 1955 3323 proxima

332 3341 522 3400 Cur.V.llaec
536 3342 688 3401 testimonia
702 3340 912 3415 artimaequanto
934 3355 1010 3410 aera,
1025 3347 1099 3398 tanto
1151 3333 1233 3392 bodie
1256 3343 1342 3405 sunt,
1372 3336 1399 3392 in
1423 3335 1490 3408 ipsis
1520 3336 1723 3410 quodammodo
1757 3340 1834 3397 labiis
1859 3349 1952 3414 parta,

296 3433 430 3504 simplicia
444 3449 452 3500 ;
469 3443 571 3507 quanto
585 3434 736 3507 simplicia,
751 3442 827 3490 tanto
838 3433 978 3506 rulqaria;
996 3440 1099 3504 quanto
1150 3440 1224 3487 retro
1237 3445 1290 3487 nou
1306 3429 1434 3498 inerunt,
1451 3433 1706 3521 antequamli-tterrc
1728 3434 1755 3490 in
1777 3434 1875 3492 seculo
1892 3450 1955 3507 ger·

252 3524 255 3529 '
296 3526 712 3599 vulgariamantocommunia:
728 3525 1009 3598 quautooommunia,
1023 3532 1097 3580 tanto
1149 3522 1307 3589 minassent,
1336 3532 1480 3595 autequam
1493 3523 1643 3603 Mercurius
1665 3526 1954 3601 (opinorlmtquuis·

298 3622 451 3681 naturalia:
473 3631 574 3697 quanto
596 3621 746 3691 naturalia,
762 3629 836 3678 tanto
857 3617 958 3677 diuina.
980 3617 1040 3675 uon
1055 3616 1097 3692 (8)
1148 3624 1200 3674 set.
1213 3617 1247 3673 lit
1267 3615 1338 3687 unde
1359 3614 1427 3673 crdo
1439 3616 1506 3691 ipsis
1526 3616 1624 3676 litteris
1639 3618 1780 3693 contingit,
1791 3620 1847 3692 (15)
1860 3634 1952 3693 nosse,

806 3782 811 3789 ·
910 3754 1101 3817 incitatius
1120 3754 1328 3816 tautanius.

327 3872 612 3990 ιιιιιιιιι
1184 3871 1431 3988 tattractu·-

335 4002 351 4049 3
377 3944 633 4074 Ε11ιιιιι1ίοιιῗι1ιιι.
1195 3999 1221 4048 11
1250 3948 1526 4112 nrffgntonuf‘rrr'ir'noer.

336 4063 353 4112 ι
379 4063 474 4126 Ellopia
487 4062 550 4135 ιιι.
1195 4061 1231 4123 12,
1249 4059 1281 4111 Et
1303 4063 1435 4136 baum..

336 4126 352 4175 5
379 4126 476 4176 amma
487 4127 567 4191 itaq„
1196 4124 1235 4186 15)
1251 4120 1337 4199 Tacite
1348 4136 1502 4176 commissam
1514 4123 1637 4177 uocum.

335 4186 350 4234 ti
379 4186 485 4247 οιιιιι.
1195 4186 1225 4236 11
1249 4186 1477 4238 ΡιιιιΙιιιιιιιιιιιιιι.

334 4250 362 4379 ἒ(
378 4250 418 4301 be
428 4249 490 4300 odd.
503 4247 559 4315 Rip.
1181 4249 1222 4313 (13
1248 4246 1369 4314 Cenum
1381 4246 1454 4301 Unde
1464 4262 1538 4302 nome
1549 4248 1613 4301 ιιι.

378 4312 505 4379 mm
964 4393 1245 4457 conunuruuaus.

292 4520 350 4576 baec
361 4516 490 4590 particula
504 4512 638 4587 signidem
649 4522 752 4585 partem
766 4552 775 4580 ,
795 4521 844 4568 aut
858 4511 965 4580 locum,
989 4519 1019 4567 ut
1037 4527 1088 4583 qua
1100 4516 1129 4578 1)
1142 4515 1214 4571 muni
1227 4530 1281 4572 uon
1294 4517 1425 4574 culturam
1439 4517 1547 4583 labem,
1568 4517 1620 4574 uisi
1633 4518 1732 4592 aliquis
1751 4534 1785 4576 er
1804 4516 1941 4576 nobilibus

291 4599 384 4663 parte,
398 4605 451 4662 quo
464 4589 534 4645 loeo.
549 4587 619 4657 Ergo
635 4603 643 4641 a
658 4599 706 4640 eur
719 4583 798 4665 times
818 4593 952 4649 mortem,
977 4585 1000 4639 si
1020 4584 1090 4640 nibil
1142 4601 1177 4644 eo
1190 4602 1220 4644 se
1234 4587 1383 4658 deiecisset,
1400 4587 1508 4645 Curtius
1519 4590 1600 4645 sitam
1617 4590 1748 4660 impendit
1762 4591 1862 4657 patria.
1874 4589 1943 4647 buc.

292 4661 439 4718 timendum
454 4668 657 4731 postmortem,
673 4669 707 4711 eo
721 4656 781 4712 loco
793 4664 925 4727 autperto
938 4697 945 4722 ‚
958 4669 1011 4727 qua
1023 4656 1089 4712 nibil
1177 4657 1219 4733 (dl
1234 4656 1335 4715 Nomen
1345 4676 1420 4715 auom
1433 4669 1522 4716 cenet.
1537 4659 1664 4734 Virgilius
1677 4660 1723 4718 lib.
1739 4661 1796 4718 vlt.
1810 4658 1943 4719 AEneldoa

291 4732 486 4803 experiundum
500 4738 560 4815 post
572 4735 686 4785 mortem
697 4725 709 4780 l
722 4725 787 4782 Lac.
1141 4727 1176 4786 de
1189 4728 1279 4801 calista
1298 4729 1393 4788 AEneae
1407 4734 1511 4789 nutrice
1527 4732 1600 4804 paria
1614 4730 1700 4789 terme
1714 4734 1805 4791 babet.

327 4802 367 4876 (ι)
381 4801 492 4857 Νιιιιιι
515 4800 671 4865 tensendum,
697 4808 749 4854 ιιι.
770 4796 800 4853 S.
823 4794 1032 4870 Glrrpsostcmus
1054 4799 1089 4854 ad

289 4887 354 4947 [liip-
371 4874 444 4929 iloni.
459 4872 505 4926 2¹·
522 4871 589 4927 1111111
615 4885 648 4926 θΧ
664 4878 750 4925 1110119
765 4866 914 4924 littlelldtllti
928 4868 1008 4925 110091
1020 4883 1090 4941 (1110-
1171 4886 1205 4938 Ε(
1216 4900 1280 4938 nunc
1289 4892 1373 4938 servat
1383 4887 1461 4939 honos
1471 4888 1557 4939 sedem
1569 4892 1635 4951 tuus,
1648 4898 1753 4951 ossaque
1764 4899 1864 4938 nomen,

290 4945 362 5001 triam
377 4945 410 5000 ad
422 4943 561 4999 meliorem
573 4943 654 4997 ritant
673 4948 702 4995 et
724 4938 928 5010 optabiliorem,
945 4944 986 4995 και
1007 4950 1088 5004 πάσης
1171 4948 1292 5015 Hesperia
1305 4951 1331 5000 in
1341 4963 1438 5015 magna,
1448 4951 1470 5001 si
1481 4964 1530 5014 qua
1542 4958 1582 5002 est
1591 4963 1621 5002 ea
1632 4949 1720 5015 gloria,
1740 4952 1831 5015 signat„
1849 4949 1884 5000 Le
1893 4947 1941 5003 Pa.

290 5020 474 5088 enntleppnm
484 5017 623 5082 conpellar
637 5009 880 5082 tendimus.Slequue
894 5010 997 5067 Seneca
1009 5013 1091 5067 ctiam

288 5092 369 5171 epist.
395 5085 448 5143 tua
462 5084 596 5142 :Proinde
611 5082 752 5152 a'ulrcpa‘dur
773 5083 863 5136 iterant
886 5081 959 5136 illem
978 5084 1093 5138 demeto-
1179 5080 1220 5156 (ι)
1241 5080 1312 5137 altit
1332 5083 1400 5154 jum.
1426 5081 1538 5139 Veteres
1552 5090 1730 5153 pronunciatus
1751 5091 1790 5137 eat
1802 5081 1938 5148 dicebaut,

288 5175 355 5213 aranu
379 5158 512 5230 prospice,
531 5172 582 5211 uon
597 5164 634 5212 eal
651 5156 738 5209 anima
751 5169 885 5225 superato,
909 5152 954 5209 scd
976 5155 1088 5225 corpori.
1144 5152 1216 5218 uixit,
1231 5155 1303 5217 obiit,
1317 5154 1378 5209 abiit
1398 5153 1434 5207 cd
1445 5155 1543 5279 [iurem
1557 5151 1628 5225 apud
1639 5152 1748 5211 Festum
1760 5153 1842 5209 etiam
1854 5153 1939 5210 abitio
1982 5226 1987 5229 .

289 5228 393 5287 Lni‘tt.
1142 5237 1192 5295 pro
1206 5235 1292 5281 morte
1304 5226 1429 5281 sumitur.
1468 5224 1542 5280 nPu.

324 5302 363 5374 (b)
375 5299 491 5384 bonpunr
510 5308 547 5354 cat
569 5294 799 5353 caesaredunum
817 5303 860 5352 est
881 5294 1043 5353 Curtiurum
1059 5306 1088 5353 et
1154 5354 1159 5358 „
1176 5294 1202 5369 (1
1200 5301 1210 5366 )
1223 5295 1296 5352 Certe
1308 5298 1379 5365 prior
1394 5298 1482 5350 natium
1494 5312 1571 5366 quom
1584 5297 1680 5353 littera.
1689 5296 1778 5353 Locus
1791 5296 1841 5354 iste
1852 5310 1938 5368 quau-

287 5370 383 5444 chuli
396 5387 441 5443 qur
458 5387 506 5443 pro
521 5370 606 5441 patria
618 5378 733 5425 mortem
752 5368 940 5438 oppetierunt,
955 5367 1085 5433 historia,
1141 5365 1285 5438 doquidem
1300 5367 1380 5440 paulo
1394 5376 1455 5438 post
1468 5365 1537 5423 hauno
1551 5369 1648 5423 animae
1667 5368 1821 5440 loquelam,
1841 5367 1938 5424 Tradi-

286 5459 367 5516 quam
383 5454 412 5497 ut
426 5442 547 5514 pluribus
558 5442 593 5496 sit
606 5455 684 5512 opus.
701 5437 870 5494 Poatlrummn
885 5441 982 5511 [antona
994 5451 1087 5511 postea
1140 5438 1240 5494 lintrem
1256 5448 1411 5510 nuncupat,
1426 5438 1528 5508 optirue
1549 5447 1639 5509 potest
1649 5439 1772 5510 adaptari
1789 5440 1823 5496 ad
1838 5438 1937 5495 'iradi-

286 5515 489 5589 rnetapboricdn
506 5513 593 5580 dixit,
607 5527 737 5584 curruque
749 5519 934 5583 postmortem
945 5509 1085 5583 perdurat.
1138 5508 1241 5566 tiorruun
1265 5510 1417 5566 ecclesiast.
1439 5509 1641 5576 auctoritatem,
1664 5513 1765 5583 quippe
1787 5525 1847 5581 quae
1859 5509 1936 5567 libris

285 5584 356 5643 pru,
1136 5581 1261 5638 omuibus
1273 5593 1302 5637 et
1313 5582 1389 5653 rapte,
1403 5579 1430 5636 id
1443 5589 1486 5637 est
1500 5578 1646 5637 litteratura
1659 5584 1734 5638 omrai
1745 5583 1850 5654 priores
1860 5591 1935 5638 aunt.

322 5660 359 5730 (ι)
375 5657 485 5713 Curtios.
505 5655 555 5712 llic
569 5663 610 5712 est
623 5654 669 5711 iila
682 5653 727 5724 qui
742 5668 772 5710 se
785 5652 835 5709 diis
845 5652 968 5709 manibus
982 5651 1085 5709 dicauit
1137 5651 1205 5708 Pau.
1215 5683 1253 5694 -
1266 5651 1341 5708 Prior
1354 5654 1440 5707 annuato
1453 5668 1530 5723 qnam
1543 5652 1637 5707 littero.
1655 5653 1730 5710 ldem
1745 5662 1932 5725 arpurmeutum

284 5740 335 5798 pro
349 5729 434 5783 salute
446 5727 540 5799 patrie
555 5743 562 5782 ι
577 5741 638 5782 cum
653 5724 724 5782 euim
736 5725 837 5796 ingenti
848 5724 921 5780 lulatu
931 5723 1084 5781 desedisset
1135 5724 1243 5780 condeta
1252 5724 1361 5794 Magnus
1373 5724 1506 5779 Anrtouius
1517 5731 1585 5780 teste
1598 5724 1744 5783 actamnis
1755 5726 1783 5781 lu
1794 5725 1854 5796 ejtts
1867 5725 1932 5794 rita,

285 5805 359 5854 terra
372 5797 400 5853 in
414 5799 502 5854 medlo
516 5797 575 5853 loro
586 5837 595 5868 ,
607 5810 820 5867 responsumque
838 5794 1007 5869 accepissent
1025 5794 1083 5853 Ru·
1135 5805 1228 5852 contra
1244 5796 1418 5869 plulosopbos
1429 5795 1570 5868 quosdam.
1579 5795 1646 5854 buc.
