4242 6259
232 371 304 459 {aaa

811 423 815 434 ·
866 398 970 455 arnan
989 397 1012 454 tt
1031 366 1078 457 im
1097 369 1251 456 beoban.

1812 402 1884 462 teat

232 513 314 571 bunal
328 512 432 570 bomini
447 507 630 583 proferemus?
643 518 671 568 et
683 507 882 567 matrimonium
896 510 947 567 rite
960 523 1028 568 cou·
1041 509 1069 574 Α
1083 509 1194 576 bibebit,
1205 507 1330 578 iormatn,
1344 511 1556 570 exstructionem
1571 511 1621 589 (l),
1637 515 1782 574 munditias
1796 533 1883 575 sacu-

232 616 348 664 traetum
363 606 402 679 (l)
416 605 613 679 allegabimus?
627 604 697 678 qnod
712 605 796 662 uetuit
809 606 878 677 ipse,
891 620 944 662 non
954 605 1032 662 adnl-

233 700 475 772 teriumesttpnod
486 698 649 771 prohibitum
658 707 710 768 est,
718 714 771 755 non
780 707 901 771 stuprum
911 698 964 756 esti
974 697 1031 755 Ex·

233 793 318 862 tranei
339 781 456 849 hominis
470 792 598 849 admissio
611 792 844 874 minustemplum
867 792 916 850 liei
938 792 1030 864 violat,

233 888 323 945 minus
344 888 464 945 membra
475 888 578 945 Cirristi
592 903 653 945 cunr
669 887 797 946 membris
811 887 939 945 adulterae
956 902 1031 944 com·

229 965 348 1038 'niiscctl
358 981 435 1050 Quod
449 982 542 1049 sciam,
557 997 610 1038 non
623 997 716 1040 sumus
730 980 874 1056 nostrils),
888 968 935 1038 sed
946 982 1032 1055 pretio

231 1075 331 1145 empti;
345 1085 372 1132 et
385 1073 456 1146 quali
470 1075 573 1147 pretini
585 1075 715 1147 sanguine
725 1077 782 1132 bei.
796 1075 938 1132 Laedentes
952 1074 1032 1146 igitur

231 1176 341 1221 cantem
365 1167 455 1232 istam,
470 1182 530 1222 enrn
547 1151 681 1223 laedimus.
696 1167 736 1223 lle
759 1167 884 1239 proximo
902 1164 965 1237 uuiti
979 1163 1031 1222 sibi

229 1258 316 1314 noluit
328 1257 374 1315 ille
387 1259 434 1330 qui
454 1258 532 1327 dixit,
557 1257 686 1315 delictum
708 1257 817 1331 quidem
830 1273 891 1316 esse
902 1266 1031 1315 extratteo

230 1353 343 1422 nubere,
357 1349 405 1410 sed
420 1353 570 1422 minimum,
584 1368 646 1410 cum
661 1352 737 1420 alias,
754 1353 873 1427 seposita
886 1354 974 1410 carnis
987 1353 1031 1409 in·

228 1443 298 1518 juria
311 1442 345 1499 ad
360 1444 502 1500 bominum
517 1445 687 1517 pertinentis,
701 1460 782 1501 omne
792 1444 920 1502 delictum
935 1445 1030 1502 nolun-

1083 603 1163 671 lares,
1179 603 1321 661 blanditias
1335 605 1479 678 turpiores,
1496 609 1553 678 ipsa
1569 610 1650 666 etiam
1664 613 1826 670 matrimonii
1837 629 1882 673 se·

1083 708 1156 756 creta
1170 700 1306 757 maculosa
1319 716 1326 767 ;
1344 714 1397 758 non
1412 711 1441 757 ut
1455 717 1539 774 penes
1552 716 1660 761 sanctos
1681 705 1770 763 cilicia
1784 708 1820 781 (c)
1833 725 1879 767 se·

1083 808 1134 851 xus
1155 809 1215 850 curn
1245 794 1349 852 bonore
1375 796 1460 867 ipsius
1488 797 1657 854 necessitatis
1684 809 1809 871 tartonam
1832 804 1882 862 snb

1084 885 1170 942 oculis
1186 885 1233 944 bei
1246 886 1368 945 modeste
1378 887 1420 959 (d)
1432 897 1460 944 et
1474 889 1612 947 moderate
1629 891 1824 963 transiguntur.
1902 917 1908 926 ι

1369 978 1483 1037 CAPUT
1504 981 1549 1037 TV.

1120 1071 1175 1128 Sed
1200 1072 1307 1139 uiderit,
1341 1073 1457 1145 qualiter
1483 1074 1542 1132 niro
1573 1075 1661 1133 oiltcia
1685 1079 1793 1149 pendat.
1825 1082 1882 1138 llo·

1084 1162 1157 1219 mino
1170 1171 1244 1219 certe
1268 1179 1321 1220 non
1336 1172 1425 1236 potest
1440 1179 1489 1236 pro
1501 1165 1643 1239 disciplina
1656 1171 1822 1242 satislacere,
1835 1174 1883 1231 ba-

1083 1257 1151 1314 bens
1167 1257 1192 1312 in
1208 1256 1293 1313 intere
1306 1255 1405 1314 diaboli
1421 1273 1540 1327 sertum,
1555 1272 1756 1332 procuratorem
1774 1267 1880 1327 bomini

1084 1348 1181 1406 suiad
1208 1349 1376 1421 impedienda
1394 1349 1512 1409 tidelinm
1527 1352 1615 1410 studia
1630 1365 1657 1412 et
1684 1356 1792 1418 otucia:
1809 1369 1838 1416 ut
1858 1349 1883 1420 si

1081 1443 1162 1499 statio
1185 1441 1308 1500 iacienda
1333 1452 1384 1512 est,
1409 1444 1521 1501 maritus
1535 1444 1569 1501 de
1586 1445 1679 1520 dieii)
1702 1449 1826 1507 condicat
1846 1454 1881 1510 ad

1083 1534 1212 1602 balneas;
1228 1536 1251 1591 si
1269 1534 1370 1607 jejunia
1383 1535 1551 1594 obseruanda
1567 1548 1639 1608 sunt,
1653 1543 1765 1599 uraritus
1786 1545 1881 1603 eadem

1082 1625 1126 1684 die
1145 1628 1296 1684 conticium
1319 1638 1460 1697 exerceam
1485 1627 1519 1704 (l)
1546 1631 1569 1686 si
1595 1634 1794 1704 procedendum
1817 1642 1880 1709 erit,

1083 1736 1218 1793 nunqnam
1246 1721 1332 1794 magis
1358 1720 1467 1778 tanrilla
1487 1726 1628 1795 occupatio
1653 1726 1788 1785 obveniat.
1815 1729 1881 1799 Quis

229 1535 326 1591 tarium
340 1535 367 1591 in
382 1535 498 1592 bornino
512 1535 614 1607 prande
629 1538 674 1592 sit.
691 1535 797 1603 Quanto
813 1536 884 1594 euim
908 1544 1029 1608 potestas

229 1627 332 1685 nitnndi
347 1629 404 1697 luit,
419 1637 494 1686 tanto
506 1633 685 1686 contumaciae
699 1630 813 1687 crimine
827 1638 964 1687 oneratur.
977 1628 1030 1685 lle·

226 1711 388 1804 'ccttseantus
402 1740 473 1781 nuuc
486 1734 583 1781 caetera
599 1724 715 1796 pericula
729 1734 756 1780 ot
770 1725 892 1792 uulnera,
906 1731 936 1779 ut
959 1722 1028 1791 dixi,

228 1817 291 1875 sidet
313 1815 347 1874 ab
368 1815 497 1888 ilpostolo
511 1817 629 1888 prouisa,
653 1832 707 1872 non
721 1817 793 1873 carni
808 1825 921 1885 tantum,
937 1829 1029 1871 vertam
1082 1815 1153 1869 eninr
1176 1814 1248 1869 sinat
1270 1813 1411 1886 cottjugem
1438 1829 1515 1870 suam
1540 1817 1734 1875 visitandorum
1767 1823 1881 1882 fratrum

227 1896 309 1967 etiam
332 1909 384 1983 ipsi
406 1909 511 1981 spiritui
528 1908 727 1966 molestissima.
743 1907 809 1978 Quis
830 1909 902 1965 enim
925 1907 1029 1964 dubitet
1042 1890 1067 1953 Β
1081 1906 1166 1979 gratia
1181 1904 1287 1961 uicatim
1300 1904 1340 1978 (p)
1354 1905 1443 1962 aliena
1458 1917 1485 1963 et
1498 1907 1607 1978 qttidem
1630 1912 1789 1981 pauperiora
1805 1930 1879 1986 qum·

228 2004 366 2061 obliterari
380 2002 501 2074 quotidie
515 2001 595 2059 iidem
609 2002 773 2059 commercio
795 2000 916 2059 infideli?
939 2001 1028 2058 Bonos
1081 2016 1132 2072 que
1145 1999 1250 2072 tuguria
1263 2000 1376 2057 circuire
1387 2001 1399 2056 i
1409 2002 1469 2071 quis
1479 2003 1617 2060 nocturnis
1630 2008 1880 2081 convocationibus,

231 2102 407 2167 corrumpunt
432 2108 522 2151 mores
546 2093 778 2153 contabulationes
803 2093 905 2161 malae3
928 2102 1028 2166 quanto
1080 2094 1103 2150 si
1116 2094 1153 2150 ita
1175 2095 1333 2166 oportuerit,
1358 2095 1472 2153 alatere
1485 2111 1535 2153 suo
1550 2097 1631 2155 aditni
1656 2098 1770 2159 libenter
1792 2102 1882 2161 ieret?

228 2188 314 2258 magis
338 2187 477 2244 conuictus
492 2195 520 2242 et
533 2186 684 2244 individuus
706 2185 787 2242 usust
803 2185 910 2254 Quaeris
933 2184 1028 2241 mulier
1080 2187 1140 2259 quis
1154 2187 1271 2258 denique
1286 2187 1453 2244 solemnibus
1465 2187 1576 2245 Paschae
1597 2190 1785 2250 abnoctantem
1801 2210 1881 2253 secu·

228 2280 317 2337 lltlells
332 2280 474 2338 bominum
490 2278 617 2336 observet
631 2292 745 2336 necesse
757 2286 809 2335 cst.
830 2276 866 2333 Et
887 2276 1023 2348 quomodo
1080 2297 1127 2337 rus
1140 2280 1303 2337 sustinebit?
1325 2281 1385 2352 quis
1408 2280 1443 2336 ad
1458 2281 1610 2338 convivium
1626 2283 1790 2342 dominicum
1803 2287 1880 2359 illud,

227 2382 318 2445 potest
331 2372 435 2429 duobus
456 2372 573 2428 dominis
585 2371 733 2441 desereire,
749 2369 864 2427 Domino
877 2379 904 2427 et
917 2371 1027 2439 marito,
1082 2372 1154 2445 quod
1170 2372 1300 2430 infamant
1312 2371 1363 2446 (ιι),
1377 2374 1436 2430 sine
1450 2388 1497 2430 sua
1507 2375 1660 2446 suspicione
1673 2376 1809 2436 dimittati
1821 2385 1881 2453 puis

227 2468 307 2537 adde,
322 2466 436 2540 gentili?
448 2465 580 2524 Gentilem
593 2465 665 2523 enirn
677 2465 845 2524 obseruando
858 2464 966 2537 gentilia
982 2479 1031 2521 ex·
1084 2465 1110 2521 in
1125 2480 1261 2524 carcerem
1275 2463 1309 2520 ad
1323 2465 1468 2522 osculanda
1490 2465 1596 2524 nitrcnla
1623 2471 1752 2543 martyris
1773 2482 1881 2546 reptare

848 2579 1040 2639 LECTTONES
1058 2578 1269 2637 tautanius.

263 2700 297 2767 ill
309 2703 370 2757 litet
382 2702 423 2755 ιι.
432 2701 614 2755 matrimonium
623 2701 675 2754 rite
686 2704 836 2753 contractum
847 2698 933 2754 dmmtt
944 2698 971 2752 in
985 2699 1029 2766 ed,
1039 2698 1128 2767 Ripalt.

867 2804 871 2808 “
903 2805 1184 2865 COMMENleilUS.
1231 2877 1236 2884 ,

227 2929 340 2992 trilrttnttl
353 2925 458 2983 Domini
471 2926 646 2999 propermtnsl
660 2935 684 2981 et
697 2925 864 2999 allepoiimar
873 2926 1027 2998 quodnetnit
1113 2891 1191 2981 (ill).
1207 2922 1252 2980 tt.
1265 2953 1304 2967 -
1313 2925 1354 2997 (a)
1367 2924 1479 2984 Maritus
1488 2929 1520 2992 dc
1533 2932 1575 2987 die
1586 2933 1703 2993 condicat
1715 2940 1751 2995 ad
1762 2941 1876 3004 talama.

227 3002 301 3075 ipae?
313 2997 398 3057 Erant
410 2998 580 3081 seilicetqua
591 2998 694 3080 maritis
704 3011 757 3053 non
776 2996 929 3052 cliristianis
941 2997 1026 3053 nube·
1080 2996 1164 3053 Tetus
1175 2997 1329 3079 exemplar,
1343 2994 1480 3054 Concedit.
1495 3001 1553 3058 lita.

226 3070 558 3139 rent,acnilrilominusm
570 3067 1026 3125 bominonnoerecrederentmu·
1115 3066 1146 3141 (l)
1169 3068 1200 3122 Si
1218 3069 1412 3193 (procedendum
1431 3072 1489 3126 erit.
1505 3072 1628 3131 Veterem
1646 3082 1807 3147 procedendi
1827 3103 1879 3151 seu

226 3137 1027 3215 ptiisvidelieetjustisaclegitimis,etliberorumquaerendo·
1078 3140 1216 3209 supplicam

226 3229 358 3281 rumano
371 3212 499 3280 libidinis,
513 3225 620 3278 caussa;
630 3226 724 3267 rerum
736 3209 819 3266 hosce
833 3210 937 3267 colores
949 3208 1026 3265 diluit
1079 3210 1172 3266 lustris
1185 3219 1226 3265 est
1245 3209 1278 3265 ad
1299 3210 1533 3270 confirmationem
1558 3217 1659 3274 rituum
1701 3224 1872 3288 leimarum,

225 3285 419 3350 Tertullianus,
429 3297 630 3352 conuersusque
641 3282 673 3337 atl
687 3295 880 3339 urorcmrnon
891 3282 958 3336 satis
969 3291 1022 3348 est,
1037 3284 1060 3349 C
1078 3284 1167 3351 Atque
1185 3282 1276 3336 mirari
1305 3281 1376 3337 subit
1399 3285 1566 3358 oscitantiam
1586 3233 1852 3366 llagdeTurgensium

226 3357 322 3427 lupuit,
346 3356 396 3411 rite
415 3370 447 3410 ac
468 3356 586 3426 legitime
607 3354 746 3424 nupsisse,
761 3362 789 3410 et
809 3351 926 3424 coniugii
941 3352 1022 3408 iidem
1077 3354 1122 3420 pul
1136 3368 1196 3407 cnm
1210 3352 1370 3423 procedendi
1380 3354 1461 3410 ritum
1473 3372 1520 3412 sen
1531 3355 1702 3427 processiones
1712 3367 1746 3422 ad
1758 3346 1875 3430 ltaresiri

1237 3140 1243 3194 i
1257 3139 1338 3195 ritum
1352 3142 1377 3196 in
1391 3140 1509 3198 Ecclesia
1532 3155 1621 3213 notat,
1638 3147 1736 3220 hicque
1756 3156 1830 3214 locus
1844 3161 1877 3217 il·

225 3423 1025 3486 sanctecolnisse:nectibicaussamautebominitribunal
1078 3423 1197 3479 blontani
1221 3423 1352 3490 referunt,
1367 3439 1428 3480 cum
1451 3437 1539 3484 tamen
1562 3431 1625 3487 alibi
1647 3433 1743 3492 librum
1767 3439 1873 3501 bunca
1975 3467 1978 3480 ·

225 3497 325 3555 dicenti
338 3497 482 3568 quicquam
494 3496 615 3567 proderit
629 3496 737 3552 tabulas
749 3495 883 3564 nuptiales
892 3494 1023 3566 prolerre,
1078 3494 1244 3552 Tertulliano
1279 3497 1407 3565 scriptum
1439 3496 1572 3556 fateantur
1599 3512 1742 3576 antequam
1775 3511 1873 3571 ltaeresi

225 3585 288 3628 narn
303 3568 408 3626 tabulas
427 3567 585 3640 allegando,
598 3565 752 3638 conjugium
766 3566 895 3638 allegabis
912 3580 974 3621 cnm
987 3565 1025 3622 in·
1076 3565 1194 3628 liotuani
1214 3581 1312 3622 nomen
1336 3567 1464 3625 dedisset.
1488 3569 1585 3629 Nescio
1606 3588 1640 3630 an
1656 3578 1791 3637 satistuto
1809 3584 1873 3642 illos

225 3639 298 3698 lideli
314 3648 362 3696 :et
376 3639 537 3711 allegatione
551 3648 595 3694 tna
610 3640 731 3709 teipsam
745 3635 885 3693 damnabis
899 3627 1026 3707 peccati:
1076 3636 1199 3694 derideat
1219 3637 1413 3708 albaspinens,
1437 3641 1481 3712 dui
1503 3641 1537 3698 de
1561 3646 1722 3714 procedendi
1748 3653 1801 3708 ritu
1824 3658 1872 3712 lias

224 3710 296 3781 uttod
305 3710 398 3768 evitari
410 3710 539 3767 Dominus
550 3725 597 3781 per
605 3709 761 3781 apoamtnn
769 3708 860 3779 iussit.
870 3708 939 3776 Quid
951 3709 1023 3764 euim
1075 3723 1156 3765 voces
1168 3708 1327 3779 intelligunt,
1343 3710 1480 3766 cornicum
1496 3715 1599 3783 oculos,
1613 3727 1641 3773 ut
1656 3730 1730 3789 puto,
1751 3723 1871 3784 confixit.

225 3781 268 3842 ltis
281 3781 370 3837 verbis
382 3822 390 3847 ,
404 3779 514 3836 Tantum
527 3784 554 3837 in
567 3778 698 3849 Domino,
715 3780 829 3836 vetitum
868 3778 1022 3836 utaslStu·
1075 3778 1115 3836 Le
1128 3779 1177 3836 Pu.

223 3853 325 3924 pmml
345 3851 537 3909 Adulterium?
560 3852 624 3909 llaec
645 3851 698 3908 alio
720 3850 829 3921 quidem
848 3795 916 3922 Tegla
933 3850 1022 3922 capite
1042 3900 1045 3907 .
1113 3852 1152 3922 (g)
1170 3849 1289 3906 Vicetini.
1305 3850 1389 3907 lletus
1401 3855 1549 3925 exemplar,
1572 3856 1673 3914 l'iotim.
1688 3862 1748 3921 llic.

222 3934 358 3992 vetantur,
373 3937 427 3981 non
446 3924 509 3980 istu.
523 3923 702 3989 Christianus,
717 3936 764 3978 seu
777 3923 829 3988 nir,
838 3937 887 3979 sen
901 3922 1020 3989 immina,
1108 3921 1150 3995 (it)
1160 3921 1202 3976 ild
1221 3922 1361 3977 concinium
1372 3923 1440 3978 iltad
1452 3925 1616 3984 dominicum.
1628 3931 1684 3989 Sub
1698 3935 1871 4009 inambulas

222 3996 353 4068 ternplum
369 3995 416 4051 liei
428 4003 480 4053 est.
489 3993 611 4051 Flemina
626 3993 783 4058 christiana.
799 4007 860 4064 qua
873 3993 932 4050 niro
945 3993 1021 4050 nubit
1071 3992 1144 4057 libri,
1157 3992 1237 4057 dicet,
1249 3991 1396 4049 Canninium
1404 3992 1463 4055 Dei.
1472 3995 1619 4067 Utrobique
1627 4013 1717 4059 autem
1726 4007 1870 4077 significari

222 4081 277 4123 non
293 4065 456 4133 christiano,
471 4066 601 4136 templum
625 4064 673 4120 bel
686 4064 863 4120 contaminari
882 4074 909 4120 et
929 4063 1019 4136 inqui·
1070 4064 1188 4126 videtur,
1208 4063 1281 4135 quod
1295 4065 1393 4121 Paulus
1407 4067 1497 4136 priore
1507 4066 1541 4123 ad
1555 4067 1729 4141 Corinthios,
1756 4092 1817 4149 cap,
1832 4081 1870 4138 xl

220 4141 281 4196 nari
302 4138 421 4208 patitur;
444 4141 498 4193 imo
520 4136 641 4208 turpius,
660 4151 741 4206 quam
763 4134 893 4192 adultera.
917 4133 1019 4206 Nempe
1070 4134 1147 4201 dixit,
1161 4136 1399 4206 llaprnaaadani,
1411 4137 1521 4192 coenam
1539 4139 1713 4211 bominienm,
1727 4147 1870 4222 increpans

221 4208 304 4270 alieni
319 4209 368 4265 tiri
381 4207 509 4265 admissio
526 4204 656 4276 templum
671 4206 739 4263 iliud
752 4207 840 4262 minus
854 4207 952 4272 tiolut,
968 4208 1019 4262 mi·
1069 4204 1235 4272 Corinthios,
1262 4208 1332 4276 ipuod
1358 4204 1392 4261 ad
1416 4206 1581 4264 bontinlcam
1601 4214 1759 4274 accederent
1782 4232 1810 4278 ut
1833 4225 1868 4279 ad

220 4295 273 4338 uns
288 4280 408 4336 mambra
428 4278 528 4335 (lbristi
543 4291 604 4334 eum
618 4278 747 4334 membris
763 4277 893 4333 adultera·
907 4280 1019 4332 commi·
1070 4287 1312 4346 suammetipsam
1323 4281 1445 4333 tatarum
1455 4293 1603 4343 saracems:
1613 4286 1870 4353 pundeucharistlca

219 4360 290 4408 acet,
312 4350 390 4420 Quod
413 4358 443 4407 ut
463 4350 534 4405 selas
554 4363 587 4405 ac
603 4347 745 4420 diligenter
766 4345 916 4417 perpendas
936 4347 1018 4402 etiam
1071 4363 1181 4403 munera
1202 4349 1365 4417 potentiores
1385 4359 1431 4403 aut
1452 4348 1562 4406 ditiores
1585 4355 1636 4410 soli
1658 4357 1816 4419 invaderent
1837 4378 1866 4421 et

220 4432 302 4494 atque
311 4423 392 4479 etiam
405 4421 476 4477 nolo.
484 4420 543 4477 Non
553 4435 648 4477 stttnus
657 4417 816 4486 nostrl3sed
830 4419 914 4487 pretio
924 4419 1017 4488 empti,
1071 4427 1273 4482 consumerent,
1297 4434 1351 4492 non
1372 4422 1533 4489 exspectatis
1556 4433 1604 4480 aut
1618 4440 1671 4483 tion
1693 4431 1818 4489 admissis
1838 4436 1866 4493 in

220 4494 379 4565 etquidem
403 4493 534 4565 sanguine
554 4491 613 4547 Ilei.
643 4489 783 4546 laedentes
809 4488 890 4560 igitur
910 4501 1020 4544 carnem
1072 4488 1366 4561 pertemtenuioribns.
1389 4490 1445 4545 lloc
1463 4501 1605 4552 certenon
1626 4508 1684 4555 erat
1702 4501 1867 4562 [lominicam
1895 4503 1897 4508 ’

218 4565 319 4634 istam,
335 4565 421 4621 baum
441 4563 564 4620 laedimus
577 4561 611 4617 de
630 4562 753 4633 proximo
765 4560 811 4632 qui
830 4574 939 4616 carnem
961 4559 1021 4630 ejtts
1072 4575 1177 4619 coenam
1202 4560 1374 4628 manducare,
1396 4577 1457 4632 quar
1487 4577 1547 4619 cum
1568 4567 1604 4622 sit
1624 4582 1722 4642 corpus
1738 4572 1865 4646 bomini,

218 4630 1059 4710 iaedimus,carnemsanguineipsiusredemptamllaecum-1)
1072 4631 1154 4703 digne
1177 4631 1285 4688 tractari
1299 4628 1439 4688 debuerat.
1454 4632 1642 4705 indignissime
1655 4650 1743 4698 autern
1768 4652 1867 4705 tracta-

219 4707 287 4764 mine
301 4707 352 4764 tuit
365 4721 442 4764 mens
455 4704 622 4763 Tertulliani.
636 4703 697 4760 Rta.
1072 4703 1155 4769 bant,
1174 4704 1219 4773 qui
1241 4710 1356 4759 caeteros
1378 4702 1480 4772 itdeles,
1495 4709 1618 4780 quamvis
1641 4726 1781 4785 pauperes,
1809 4716 1865 4775 spa.

257 4777 298 4849 (ι)
314 4777 389 4844 Quod
403 4779 492 4844 ιιιιιιι,
506 4779 656 4833 nonciatur
669 4776 759 4831 nostri
775 4773 858 4832 Tetus
868 4773 1017 4844 exemplar,
1072 4782 1144 4831 trnm
1155 4773 1216 4830 loco
1231 4788 1283 4828 non
1299 4772 1444 4843 habebant,
1464 4785 1518 4831 tam
1533 4779 1654 4836 caritatis
1666 4799 1746 4854 qnam
1759 4786 1867 4845 bumili-

219 4849 297 4916 Qnod
311 4851 385 4915 sciat,
398 4848 585 4915 Scribendum,
596 4847 664 4919 quod
676 4847 752 4910 reim,
766 4847 820 4916 rel,
837 4846 906 4918 pund
927 4846 1017 4916 miani,
1072 4846 1134 4902 tatis
1152 4852 1286 4917 expertes,
1306 4859 1339 4901 ac
1356 4846 1469 4916 proinde
1488 4849 1527 4904 rei
1546 4853 1666 4921 corporis
1683 4864 1712 4911 et
1730 4859 1867 4931 sanguinis

219 4920 396 4978 usitatissima
411 4918 577 4976 Tertulliano
590 4918 716 4976 formula.
730 4916 792 4976 lira.
1073 4917 1195 4983 bomini,
1215 4916 1261 4987 qui
1289 4927 1343 4971 tam
1362 4916 1532 4986 impudenter
1549 4921 1582 4976 ad
1603 4937 1632 4978 se
1651 4939 1776 4996 raperent
1795 4933 1867 5002 quod

254 4992 299 5064 ib)
315 4989 887 5056 Famam,mamortinamllxauncttonem
900 4989 1020 5062 intellige
1071 4998 1130 5045 erat
1142 4988 1262 5044 omniunt
1275 5001 1426 5045 commune.
1443 4990 1505 5046 llaec
1522 4992 1558 5047 ita
1573 4994 1741 5067 interpretari
1761 5001 1867 5058 ridetur

218 5063 311 5133 capilli
337 5062 477 5130 struicem,
498 5070 663 5135 suggestum,
686 5075 741 5132 qno
761 5060 822 5119 iun.
843 5061 871 5118 in
889 5059 916 5117 a.
938 5062 1019 5116 altum
1071 5059 1262 5131 Hieronymus.
1287 5057 1476 5116 Tbeodoretus
1496 5077 1561 5118 vero
1581 5064 1615 5120 ad
1638 5071 1743 5139 agapas
1764 5070 1867 5130 reterre

220 5135 333 5205 aedificet
344 5143 431 5206 caput.
445 5131 506 5193 lita.
1066 5130 1177 5196 maluit,
1191 5145 1251 5200 quae
1265 5130 1430 5187 solemnibus
1440 5131 1535 5190 diebus
1546 5145 1605 5206 post
1618 5136 1730 5195 Coetram
1746 5141 1868 5202 bortrini-

256 5206 294 5278 (c)
309 5204 344 5261 tlt
358 5214 546 5276 penetrantius
569 5205 651 5277 opicis
664 5220 757 5272 ιιιιιι,
769 5212 823 5261 ιιι.
839 5204 879 5260 ιιι
891 5203 942 5260 bac
954 5217 1021 5262 roca
1071 5216 1131 5259 carn
1153 5203 1362 5265 celebrarentur,
1384 5209 1414 5257 ut
1433 5204 1577 5275 apostolus
1595 5207 1630 5263 atl
1647 5210 1799 5282 superbiam
1821 5226 1868 5273 ant

216 5276 273 5349 jam
295 5276 602 5343 diximus‚l1ieantem
623 5291 672 5347 per
695 5275 784 5348 officio
802 5290 879 5331 ιιιιι
897 5275 1021 5348 intelligit
1071 5274 1161 5346 gulam
1174 5272 1288 5330 divitum
1304 5272 1496 5329 corinthiorum
1510 5277 1699 5349 increpandam
1713 5284 1803 5342 Coenae
1816 5288 1868 5345 bo·

219 5353 293 5420 epita
307 5347 735 5421 mereaminnitcmcurtimimom,
748 5355 777 5404 ut
789 5354 833 5404 est
844 5345 915 5419 apud
927 5345 959 5403 B.
971 5346 1022 5404 re·
1072 5346 1179 5401 utinicue
1192 5344 1356 5400 mentionem
1371 5343 1503 5417 injecerit,
1515 5363 1569 5418 quo
1586 5363 1628 5403 ma
1648 5352 1671 5406 is
1683 5369 1777 5411 corum
1790 5357 1869 5416 inte.

218 5427 290 5478 tram
306 5420 393 5490 uptst.
409 5421 507 5491 prioris
519 5435 579 5491 cap.
592 5420 620 5477 5.
634 5419 674 5478 bs
687 5417 737 5475 m.
1071 5416 1228 5472 recundiam
1244 5415 1411 5480 retunderet,
1426 5417 1471 5487 qni
1486 5418 1576 5473 statim
1589 5434 1605 5474 a
1617 5420 1699 5478 tatem
1717 5425 1866 5496 [lominica.

214 5535 231 5546 .
254 5492 298 5565 (d)
318 5489 453 5563 Tanquam
473 5493 520 5548 ιιι
542 5490 623 5547 octbr
644 5489 693 5546 liei
715 5488 828 5544 modesta
846 5499 871 5544 ιι
889 5488 1018 5545 medante
1070 5503 1151 5557 auam
1163 5485 1213 5557 ipsi
1223 5501 1285 5543 cum
1297 5486 1461 5543 tenuissimis
1473 5488 1621 5561 quibusque
1631 5509 1664 5547 ex
1677 5509 1765 5565 aequo,
1776 5507 1870 5569 utpote

217 5567 404 5690 gartdpuntur.
418 5562 448 5619 ln
474 5562 597 5620 eamdem
619 5562 779 5618 sententiam
792 5557 977 5632 Hieronymus
990 5560 1017 5615 in
1070 5557 1215 5621 Fratribus,
1229 5556 1475 5628 participaverant,
1491 5559 1570 5615 talem
1584 5576 1646 5618 mort
1661 5563 1695 5618 ad
1709 5570 1813 5637 agapas
1827 5569 1868 5626 la-

243 5635 308 5702 pist.
329 5635 369 5694 ati
382 5634 483 5702 Titum,
507 5649 568 5704 cap.
588 5630 682 5688 2:112
701 5646 761 5687 cum
781 5630 881 5700 pedore
898 5638 922 5685 ιι
947 5644 1017 5684 nere·
1070 5637 1141 5683 stunt
1160 5628 1318 5696 induerent,
1335 5638 1364 5684 ut
1376 5639 1539 5701 occuparent
1551 5633 1644 5702 epulas
1654 5635 1749 5704 primi,
1764 5642 1869 5699 tenuio-

216 5706 323 5773 cttttdio,
345 5715 369 5761 ιι
391 5706 464 5777 quati
481 5705 732 5770 decantaremus,
753 5700 844 5757 reddat
865 5701 948 5771 potius
970 5700 1017 5756 de·
1070 5699 1145 5755 ribus
1158 5700 1185 5754 in
1199 5711 1302 5766 partem
1313 5701 1423 5756 minime
1434 5703 1537 5757 voeatis
1550 5712 1596 5758 aut
1610 5709 1781 5776 exspectatis,
1795 5715 1873 5783 punit

217 5771 300 5832 ltt'tum
326 5778 380 5832 uiro
400 5793 478 5850 quam
500 5775 558 5844 ipra
578 5775 662 5844 emieat
684 5774 716 5828 ab
736 5788 779 5840 ea,
800 5782 824 5826 et
849 5787 928 5840 opere
955 5769 1018 5825 tibe-
1069 5780 1128 5826 erat
1141 5770 1232 5826 Coenae
1247 5770 1606 5842 bominicarindipnissime,
1623 5775 1673 5832 ltoc
1693 5789 1750 5848 est,
1767 5781 1869 5851 perfide

212 5855 306 5973 Tim
315 5857 374 5905 onte
384 5848 470 5905 oculor
479 5846 560 5904 Deiet
569 5843 725 5917 Attpetorunt
734 5840 1018 5914 perpetrarercrredat.
1045 5895 1050 5907 ,
1070 5856 1102 5922 nc
1116 5854 1256 5922 perperam
1271 5840 1414 5922 celebrate
1426 5854 1625 5916 argumentum.
1636 5845 1778 5916 Caeterum,
1792 5854 1868 5910 istius

241 5928 280 5972 ta.
1070 5920 1301 5985 tuterpretatroms
1314 5925 1453 5976 lucutenta
1472 5917 1496 5975 si
1513 5913 1584 5979 lorte
1603 5918 1672 5982 adeo
1686 5923 1848 5997 impellimur
1861 5965 1869 5997 ,
