4242 6259
300 336 351 399 sat
994 292 1248 389 mamerano·
1819 332 1822 337 ’
1894 322 1949 389 tas

302 462 363 515 eum
412 451 587 526 praerogatiua
644 446 763 518 sartiagtt
813 447 860 503 sul.
909 446 959 520 (ι).
1008 446 1094 504 Serta
1111 446 1252 508 litoribus
1268 443 1488 512 eluistlunurum.
1501 441 1643 502 Consulite
1661 444 1875 502 commentarios
1888 458 1949 503 nes·

301 560 361 615 ans,
387 548 449 618 quia
473 559 526 600 non
550 543 608 613 ipse
628 538 801 613 probaverat,
825 540 945 610 respuit;
967 538 1097 596 Caesarin
1151 548 1226 608 tros;
1242 538 1297 596 illie
1321 538 1460 609 reperietis
1487 540 1604 610 primum
1627 536 1764 595 Neronem
1776 539 1818 611 (l)
1836 541 1865 595 ln
1878 538 1950 598 hauc

302 638 433 700 mntemia
457 637 576 706 mansit,
608 634 788 725 comminatus
801 630 967 717 [perieulum
986 644 1115 715 recusa·¹
1153 641 1327 691 seetamcum
1340 633 1456 689 maxime
1479 631 1573 689 Rome
1586 633 1722 691 orientem
1742 630 1950 707 (elcesariano

971 762 1254 825 COMMENTARIUS.

302 919 367 975 titus
389 912 553 997 compescuit.
580 908 732 967 ludaeorum
750 911 907 982 juvenuttem
929 926 975 980 per
988 911 1098 982 speciem
1149 902 1272 987 dcaipso
1284 903 1448 973 superstite,
1464 916 1479 957 a
1493 902 1595 960 Senatu
1609 904 1728 965 conierri
1743 914 1793 977 par
1805 915 1874 963 erat.

302 986 488 1045 sarmentum
501 984 643 1054 prunarius
666 982 790 1053 pronioris
800 982 859 1043 eneti
868 982 997 1035 ιιιιιιιιιιιὶι
1013 1020 1022 1046 ,
1037 982 1098 1035 reli-
1183 976 1253 1032 ertil
1266 986 1330 1030 sero
1347 989 1381 1031 co
1394 974 1445 1029 loci
1464 972 1553 1030 lucere
1565 975 1768 1046 claronologiaua
1781 977 1947 1048 liquescam

301 1051 1096 1131 quosqetstisejusdern,oelsimiliasectantesllrleartbmoot't,
1147 1047 1182 1104 de
1196 1048 1255 1116 ipso
1268 1043 1376 1102 Gltristo
1390 1043 1521 1101 iuliadea
1570 1055 1757 1103 ssoetcotuur
1782 1059 1823 1104 tut
1836 1051 1950 1107 testibus

302 1131 349 1187 sul
369 1144 443 1197 penu
455 1136 582 1196 perpetue
595 1124 736 1189 seruitutis,
752 1123 801 1176 adsi
815 1123 1036 1191 obtentperussent.
1050 1121 1098 1177 llic
1147 1117 1284 1180 redivivo,
1313 1117 1422 1171 unissime
1456 1130 1519 1170 sero
1552 1118 1699 1173 enomine
1733 1117 1947 1176 Christianorum

301 1215 352 1272 per
365 1197 458 1253 similia
471 1204 593 1252 sectantes
606 1194 671 1249 narlli
686 1194 735 1247 nisi
747 1193 891 1248 Christiani
907 1192 1016 1261 intelligi
1031 1204 1097 1261 pos·
1148 1190 1234 1244 serius
1252 1187 1362 1243 ociusne
1375 1193 1527 1255 nuncupato
1543 1188 1670 1257 agitetur.
1681 1217 1716 1227 —
1726 1186 1780 1244 Nee
1790 1190 1899 1245 demum
1913 1190 1948 1248 de

302 1279 374 1328 stunt.
396 1268 500 1324 evaso
514 1264 658 1335 aliquando
672 1263 803 1319 etniesiur
821 1262 961 1329 Tiberius,
978 1263 1098 1333 privatus
1148 1268 1226 1330 grato
1247 1258 1389 1313 lulensouc
1415 1255 1514 1312 Tiberii
1545 1258 1731 1328 inquirendum
1764 1270 1807 1315 cst
1833 1261 1945 1328 emme,

303 1342 390 1397 adlrue
400 1336 485 1394 lllrodi
497 1351 589 1406 egens,
605 1336 759 1406 Diogenem,
770 1334 990 1399 tiramtnaticum,
1011 1334 1050 1387 slis
1070 1349 1098 1388 ιι-
1115 1348 1119 1355 ·
1148 1329 1295 1385 dummodo
1312 1340 1340 1384 et
1361 1329 1449 1397 reipsa
1458 1336 1569 1384 constan
1584 1330 1686 1385 narium
1701 1330 1801 1396 latim,
1827 1331 1861 1385 ad
1873 1345 1945 1388 nora

304 1423 358 1465 appa
382 1408 499 1466 sabbatis
525 1407 645 1471 solitum,
667 1414 696 1460 ut
719 1413 811 1459 narrat
833 1402 945 1459 sueton.
966 1418 1026 1460 ca.
1059 1404 1096 1468 i,
1149 1400 1309 1470 insolitaque
1322 1413 1456 1470 pronum,
1484 1399 1661 1469 nceproitnlc
1680 1410 1751 1456 astu
1787 1399 1945 1459 noareronr

303 1480 397 1536 andire
407 1479 457 1533 luit
469 1474 582 1543 acidus,
599 1476 661 1532 liuic
672 1476 706 1530 de
719 1475 826 1529 Claristo
840 1475 958 1544 opinioni
970 1419 1035 1529 ndu
1048 1472 1098 1545 [ut
1149 1471 1176 1525 in
1190 1469 1280 1525 turona
1293 1467 1564 1541 qestarnmr'elationo
1573 1471 1684 1526 arrectis
1694 1471 1749 1526 auri
1770 1482 1800 1526 us
1813 1469 1947 1529 audienda

302 1544 1098 1622 quidemputabatTorsentiustentaterreputest.Contra·
1149 1541 1278 1596 alienum.
1428 1566 1434 1573 ·
1568 1591 1571 1595 ,
1629 1598 1638 1615 .

302 1625 372 1678 risam
384 1622 456 1676 enim
465 1619 543 1672 aleces
554 1617 707 1672 Suetonius.
720 1617 752 1670 lit
765 1630 830 1671 sane
844 1615 946 1669 creduli
958 1616 1036 1669 nimis
1045 1613 1099 1669 lue
1187 1616 1227 1667 aa
1241 1626 1321 1675 rere,
1337 1611 1434 1681 inquit
1448 1611 1625 1667 {lectissimus
1642 1611 1749 1674 Nausi,
1771 1612 1873 1682 scripta
1886 1612 1947 1669 baec

303 1700 367 1748 runt
388 1700 415 1746 et
438 1688 573 1757 simplices
589 1688 667 1755 prisci
681 1685 718 1741 illi
733 1686 842 1751 Patres,
867 1686 912 1755 qui
924 1685 1011 1738 uiolata
1026 1694 1098 1755 qua·
1151 1682 1227 1742 Pilati
1240 1684 1273 1737 ad
1285 1682 1420 1737 Tiberium
1434 1681 1514 1736 modo
1529 1685 1681 1753 supersint,
1697 1685 1840 1739 incertum.
1857 1682 1949 1755 Neque

303 1768 419 1830 euinque
432 1760 508 1813 aride
523 1758 683 1828 arripientes
704 1756 835 1826 plumbeis
859 1770 931 1825 saepe
940 1754 1036 1825 gladiis
1052 1772 1099 1826 pu·
1113 1733 1137 1794 Β
1151 1748 1666 1822 eninrPseudolleqesippusquilitteras
1678 1750 1753 1807 Pilati
1767 1751 1800 1807 ad
1810 1750 1948 1811 Tiberium
1964 1758 1969 1765 '

302 1839 426 1903 quar-unt.
443 1830 511 1884 ttat.
546 1864 549 1870 a
1151 1825 1246 1879 recitat
1260 1824 1285 1877 in
1299 1839 1345 1877 sua
1360 1827 1477 1890 epitome
1499 1821 1560 1877 libri
1576 1822 1684 1892 insepti
1697 1821 1812 1878 debello
1836 1821 1947 1882 ludaico

340 1902 404 1956 tare
416 1898 544 1954 animator
557 1896 670 1952 subinde
681 1911 712 1951 uc
721 1906 818 1966 preter
827 1897 936 1952 solitum
956 1897 1098 1967 sirepen-
1152 1904 1205 1949 tana
1229 1901 1332 1949 asserta
1345 1889 1493 1947 auctoritas
1517 1904 1560 1947 cst
1583 1902 1611 1947 ut
1626 1910 1640 1947 a
1656 1893 1734 1948 nubis
1749 1893 1830 1949 fidem
1856 1904 1946 1951 estor-

305 1973 358 2028 tina
372 1969 516 2025 altercandi
536 1969 563 2023 in
576 1977 680 2022 veteres
705 1967 798 2022 Patres
828 1967 969 2037 abreptus,
996 1967 1098 2023 linter·
1151 1974 1241 2035 queat.
1258 1964 1339 2019 llulto
1352 1978 1414 2018 tero
1428 1960 1634 2019 incertissimum
1647 1963 1670 2017 si
1683 1963 1752 2018 lorte
1764 1965 1946 2035 supersiutin-

304 2042 425 2110 campius
438 2036 641 2094 intenderentur
656 2038 796 2094 dubitarit.
811 2038 931 2105 Quonam
948 2037 1042 2092 amabo
1053 2037 1097 2111 jn·
1152 2044 1192 2089 ter
1206 2034 1287 2088 narrlta
1297 2042 1324 2088 et
1336 2033 1440 2088 variata
1449 2033 1555 2103 generis
1568 2035 1666 2102 scripta
1676 2045 1701 2089 et
1715 2048 1748 2088 cn
1760 2049 1825 2091 mss.
1838 2039 1948 2092 vetustis

303 2120 334 2168 rc
348 2114 360 2166 l
377 2113 433 2166 Sub
446 2111 545 2166 lecture
555 2108 645 2177 judice
665 2104 698 2163 lis
718 2118 785 2163 estu.
1151 2104 1572 2174 codicibusevulgataqenuinum
1584 2103 1801 2174 quidslt,quidve
1813 2107 1943 2175 spurium.

342 2184 424 2239 Porro
437 2181 519 2235 nauita
533 2187 596 2233 stant
620 2193 651 2233 ac
672 2178 799 2249 practura
815 2178 963 2247 Veterum,
979 2192 1029 2233 nec
1040 2178 1097 2247 jam
1151 2175 1253 2230 llorum
1264 2185 1384 2230 aetorum
1394 2173 1515 2243 exempla
1525 2176 1601 2243 plura
1611 2174 1720 2244 collegit
1728 2173 1770 2230 lo.
1783 2176 1947 2233 albertin-

305 2254 359 2308 nlla
373 2268 437 2308 sane
449 2251 606 2306 credulitate
619 2248 662 2303 nel
673 2249 842 2317 simplicitate
854 2250 946 2317 nimia,
959 2250 1099 2319 plarntlsen·
1150 2246 1252 2301 lunicius
1263 2246 1289 2300 iu
1300 2245 1391 2300 codice
1404 2245 1559 2314 apoernpltn
1571 2243 1637 2298 Not.
1650 2244 1816 2300 Testament.
1832 2257 1901 2315 part.
1918 2247 1943 2315 l,

303 2340 337 2378 ve
349 2323 436 2393 gladio
446 2321 648 2390 despicabilium
662 2321 822 2387 testimonia,
837 2320 1004 2391 quibustuae
1025 2335 1040 2374 a
1055 2320 1099 2373 Ti·
1151 2330 1178 2386 p.
1192 2317 1245 2372 298
1259 2326 1286 2371 ct
1301 2324 1369 2384 part.
1387 2315 1418 2368 tlt
1433 2355 1440 2379 ,
1468 2332 1493 2382 p.
1507 2315 1570 2370 lili,
1586 2315 1665 2369 Aliud
1684 2330 1733 2385 eqo
1756 2315 1791 2369 ab
1804 2315 1846 2371 lais
1862 2316 1944 2373 labri·

305 2394 382 2449 locrio
395 2392 428 2448 ad
448 2393 574 2447 Senatum
585 2391 618 2445 de
631 2400 718 2445 morte
731 2391 862 2461 stupenda
884 2391 984 2445 Christi
1004 2392 1099 2445 relatio
1151 2389 1234 2442 ciariis
1248 2388 1326 2457 pluite
1337 2386 1475 2441 diversum
1491 2385 1633 2457 (quantum
1644 2384 1755 2456 tuqtentt
1769 2387 1848 2441 uculo
1863 2387 1946 2458 inspi·
1962 2408 1966 2415 ·

302 2466 487 2519 cotslirmattrr.
518 2458 612 2516 Exstat
625 2463 768 2516 enimuero¹
779 2462 887 2515 testisin
902 2462 1031 2516 memoria
1047 2463 1097 2513 tro·
1152 2472 1214 2512 cere
1231 2457 1313 2527 potui)
1329 2466 1487 2511 nactussum
1509 2457 1535 2509 in
1556 2455 1738 2510 vetumisslnrn
1751 2456 1945 2514 codiccstuculi

303 2537 406 2590 naitanus
423 2535 523 2604 primus
536 2532 565 2586 S.
581 2530 700 2587 lustinus
715 2533 849 2602 martyria
861 2532 988 2601 Apologia
999 2531 1032 2586 ad
1047 2528 1099 2584 lm-
1151 2524 1218 2593 illll,
1233 2527 1314 2598 (pund,
1336 2525 1494 2591 uastante,
1520 2539 1581 2603 curn
1597 2541 1643 2596 per
1656 2527 1738 2581 otium
1754 2526 1844 2582 licebit
1857 2528 1944 2595 anilii,

305 2616 443 2677 penatores
456 2605 550 2673 prima,
575 2602 666 2655 Noniae
679 2610 706 2656 et
726 2601 919 2672 propemodum
940 2612 1002 2656 aute
1026 2600 1098 2656 iores
1151 2597 1299 2654 describam
1314 2606 1341 2652 et
1354 2601 1379 2651 ln
1390 2594 1527 2651 anecdotis
1540 2611 1600 2667 quae
1613 2596 1738 2664 meditor,
1756 2611 1806 2652 suo
1821 2606 1945 2671 tempere

304 2674 484 2739 Citrimdatu,
499 2672 583 2728 oeulis
606 2672 725 2740 subjecta
746 2673 861 2727 laostiunr
884 2672 977 2727 sedula
1000 2672 1098 2725 invidia
1151 2670 1210 2727 evttl
1230 2669 1290 2723 abo.
1308 2669 1374 2723 Euo.
1892 2704 1898 2715 .

304 2747 481 2807 audientium,
492 2742 663 2813 quibuslrauc
676 2741 828 2798 facillimam
841 2743 1018 2812 retairqneadi
1032 2757 1064 2794 ac
1073 2743 1098 2795 iu
1188 2685 1298 2811 (agilum
1309 2739 1476 2809 pteroqatinu
1486 2735 1604 2808 euffruqii
1616 2738 1666 2793 sni.
1675 2736 1746 2794 Sanc
1754 2754 1832 2810 quarn
1843 2740 1946 2795 mirari·

304 2816 400 2871 iulsuut
414 2813 555 2869 reuocandi
575 2829 667 2867 aursana
683 2813 747 2868 dare
760 2829 813 2868 uon
829 2814 915 2883 potuit
936 2822 1025 2866 tarttus
1039 2812 1098 2867 esi·
1150 2811 1214 2868 dunt
1225 2810 1265 2882 [si
1277 2808 1389 2934 serunt)
1404 2812 1429 2863 in
1443 2809 1495 2863 lroc
1509 2808 1639 2878 principe,
1654 2811 1699 2880 qui
1710 2812 1800 2865 omnia
1815 2826 1850 2866 en
1864 2810 1948 2867 Sena·

304 2888 411 2954 uriaqne
427 2900 515 2939 rerunt
530 2884 947 2939 notitiaArretorcommendatus.
961 2883 1048 2938 Testis
1058 2890 1099 2935 cst
1151 2891 1193 2936 tus
1206 2884 1363 2936 astutoritate
1382 2894 1459 2935 acere
1471 2879 1540 2934 telle
1553 2879 1699 2942 videretur,
1715 2881 1949 2937 simulatnlimirus

305 2956 340 3011 ab
353 2956 411 3026 ipsu
422 2955 555 3010 sccundus
573 2967 622 3007 uec
646 2954 731 3020 impar
744 2952 788 3009 liic
801 2962 894 3008 noster
906 2952 1096 3016 Tertullianus,
1150 2952 1256 3016 artilex,
1271 2960 1300 3006 ut
1312 2956 1409 3020 passim
1422 2950 1550 3005 describit
1563 2949 1671 3005 Tacitus
1683 2949 1726 3005 ΙΙΙ.
1741 2965 1768 3006 et
1782 2948 1832 3007 ll„
1845 2954 1944 3007 dnnal.

305 3036 445 3081 accuratus
463 3038 496 3079 es
521 3025 640 3083 aprutium
665 3026 790 3078 coadesse
817 3038 907 3079 rermn
934 3033 1097 3077 vetustarum
1111 3034 1134 3098 (2
1150 3024 1281 3092 cuiusque
1305 3023 1435 3077 sententia
1452 3020 1572 3075 insimili
1594 3035 1658 3076 casu
1671 3023 1704 3078 de
1717 3022 1791 3076 libris
1804 3022 1946 3093 Sibyllinis

305 3098 461 3167 indagator,
490 3108 521 3149 ae
546 3093 662 3163 paratura
685 3095 832 3149 traditionis
847 3095 913 3150 aden
927 3094 1098 3166 peculiariter
1151 3094 1299 3166 prevaluit.
1316 3092 1435 3147 llelattun
1456 3091 1560 3145 indeed
1573 3089 1663 3146 Pulses
1682 3091 1869 3158 nQnirrtiliano
1884 3090 1946 3145 Tri·

306 3170 412 3231 certior,
426 3176 454 3220 att
468 3167 550 3221 semel
564 3176 590 3220 et
604 3166 775 3219 ilernnrideru
785 3167 923 3237 inscriptis
937 3180 1015 3236 qrtatu
1024 3164 1097 3218 latis·
1150 3168 1216 3219 buno
1241 3165 1307 3234 plebi
1331 3165 1362 3216 tle
1376 3162 1440 3216 lilro
1468 3162 1595 3244 Nilplloe,
1622 3178 1694 3232 prtem
1707 3162 1828 3218 Caninius
1850 3161 1943 3218 Gallus

305 3239 373 3293 sime
387 3237 552 3307 ettrlpnnlis,
573 3236 671 3290 invidia
687 3250 766 3305 qnam
783 3236 962 3291 intensissima
974 3234 1096 3303 leqcttdis
1149 3236 1299 3360 yuinrleeirn
1312 3236 1350 3288 uir
1366 3235 1444 3302 recipi
1457 3233 1523 3286 inter
1535 3244 1639 3287 caeteros
1652 3235 1764 3304 eiusdem
1775 3234 1855 3297 uotis,
1878 3242 1901 3287 et
1916 3249 1947 3287 eu

306 3310 497 3381 eusrsctipserit
518 3308 574 3374 (cl.
599 3308 627 3361 S.
648 3306 734 3361 latetis
749 3309 825 3381 Apul.
841 3310 867 3361 l.
883 3323 910 3360 u.
926 3307 971 3362 ab.
983 3306 1095 3361 Tertull.
1168 3322 1219 3360 ere
1239 3303 1493 3360 senatusconsultum
1506 3304 1659 3372 postularet.
1677 3303 1734 3370 Quo
1746 3321 1789 3373 per
1803 3304 1946 3359 discessio·

306 3378 519 3449 apologetvid.
535 3376 631 3447 xxti.
644 3377 737 3432 Testes
752 3389 880 3447 preterea
893 3377 1095 3431 ltabuimusslbi
1149 3394 1205 3432 nent
1220 3381 1298 3443 (netu,
1307 3376 1373 3429 misit
1385 3376 1480 3429 litteras
1490 3373 1695 3430 Cesurarnediec
1703 3374 1844 3443 Tribunum
1860 3377 1947 3429 irrere-

306 3451 434 3503 continuo
457 3449 647 3512 succedentes,
664 3447 808 3517 albumque
822 3464 897 3501 sttrrtn
918 3448 1029 3517 singulis
1043 3461 1096 3500 ste-
1149 3448 1353 3517 pessinuntem
1368 3446 1552 3515 utttiqnintoris
1563 3446 1594 3500 ol
1604 3446 1747 3515 juventam.
1761 3446 1837 3503 Gallo
1853 3462 1946 3516 enpro-
2022 3456 2025 3461 ’

307 3519 375 3572 culis
393 3518 523 3573 calculum
537 3517 711 3585 adjicientes,
727 3517 870 3572 Errsebium
895 3532 991 3586 stetttpc
1006 3518 1097 3572 Caesu-
1149 3518 1246 3583 lrulut,
1258 3518 1327 3587 qnod
1340 3518 1459 3580 scientiae,
1470 3517 1729 3589 coereutoniatutnqne
1742 3530 1829 3582 setus,
1849 3519 1943 3572 incerte

305 3589 423 3643 riensem
436 3627 444 3652 ,
458 3588 488 3641 S.
509 3587 594 3640 loattu
605 3602 639 3640 mr
660 3588 891 3658 Clrrysostomurn,
906 3586 1029 3640 orosium
1044 3591 1097 3639 nu-
1148 3594 1267 3654 tiurtore,
1283 3596 1342 3642 unte
1353 3587 1502 3645 sententiani
1517 3586 1634 3658 colleqla',
1647 3604 1698 3643 non
1710 3599 1738 3642 ut
1749 3590 1862 3655 assolet,
1878 3588 1943 3643 lecte

307 3658 405 3727 gustini
421 3657 558 3726 disciplina
572 3657 712 3719 edrtctunr,
733 3656 891 3726 Gregorium
907 3666 1028 3710 nostrum
1044 3655 1097 3709 Tn-
1153 3675 1197 3729 per
1207 3659 1341 3730 ntaqisttes
1353 3657 1526 3727 uttintntoque
1539 3658 1660 3721 enrrrrine,
1677 3661 1746 3732 opatu
1759 3663 1943 3731 itrsreqttentens

306 3740 450 3783 rottensem
464 3769 470 3789 ,
484 3738 540 3779 trun
556 3725 724 3789 Cedrenum,
747 3726 998 3795 Niccplroruurque,
1019 3735 1101 3780 caetc·
1153 3728 1276 3783 Serrutrnn
1292 3730 1391 3799 eqisset.
1406 3728 1450 3782 tlt.
1466 3729 1562 3783 arnnal.
1578 3728 1620 3783 12.
1636 3727 1802 3785 Tertulliano
1814 3730 1944 3786 adbutct.

307 3796 555 3868 rosqarninlerioris
580 3796 641 3850 art
671 3798 807 3851 ertasrrltos.
835 3794 899 3867 (Cl.
916 3796 1099 3850 Errseb.llist.
1151 3795 1571 3866 Christopls.Cellariusllisscrt.
1594 3798 1664 3853 xli.
1683 3801 1753 3856 llav.

309 3869 407 3923 eccles.
424 3868 471 3922 tib.
483 3866 515 3919 l.
527 3880 552 3919 e.
562 3867 591 3921 2.
603 3868 633 3922 S.
647 3813 689 3921 fo.
704 3868 800 3937 Clrrys.
813 3865 885 3920 born.
896 3866 942 3921 26.
958 3866 1007 3937 lip.
1019 3866 1049 3922 tl.
1066 3866 1100 3921 ad
1191 3869 1231 3941 (Ιι)
1247 3868 1364 3923 Primnnt
1376 3868 1514 3924 Nenenene.
1532 3869 1565 3924 lit
1580 3870 1637 3925 llarc
1659 3885 1766 3942 quoqne
1791 3871 1825 3927 ad
1838 3864 1949 3927 serlsuiu

307 3938 370 3993 Cur.
382 3940 481 3992 elalius
488 3938 746 4008 rett.eollutosapttd
754 3938 812 3992 Nat.
823 3937 899 3991 illes.
912 3947 978 3991 sect.
992 3939 1011 3992 l.
1020 3954 1045 3993 c.
1055 3936 1100 3992 tt.
1153 3939 1297 4011 descripsit
1308 3940 1440 4007 Eusebius
1450 3950 1477 3996 et
1490 3942 1516 3995 in
1528 3941 1744 3997 Commentarios
1755 3956 1820 3998 suus
1833 3942 1868 3998 de
1881 3942 1948 3997 llist.

308 4006 505 4064 attentum.
514 4004 608 4063 ides.
617 4009 859 4079 lustinserlptiset
868 4007 998 4075 doctriua,
1007 4008 1099 4080 pute.
1155 4011 1259 4066 Ecelcs.
1274 4013 1396 4077 cuntulit,
1412 4021 1440 4066 ut
1453 4012 1554 4083 nutayit
1566 4006 1681 4080 lunius,
1702 4012 1794 4069 additu
1807 4014 1902 4085 insigni
1915 4012 1950 4069 de

222 4102 226 4113 ·
308 4078 539 4149 nullibi—lano
553 4077 845 4151 tpsnnetsutlraqnntnr
858 4078 976 4151 gentiam
989 4081 1103 4150 scripto·
1156 4089 1265 4137 auclore
1285 4090 1377 4139 inostro
1402 4083 1577 4149 testimonio,
1602 4082 1645 4153 qui
1671 4092 1812 4155 postquam
1826 4082 1951 4139 outuibus

307 4163 365 4215 res,
375 4150 474 4205 Plinius
486 4166 581 4218 nempe
591 4165 691 4206 cumea
701 4150 770 4207 illius
782 4151 894 4220 epistola
912 4148 945 4204 ad
961 4148 1104 4219 Traianum
1158 4152 1263 4223 flagitiis
1276 4154 1401 4207 inlamem
1415 4153 1547 4208 Neronem
1561 4154 1697 4219 ostendit,
1711 4154 1747 4208 ita
1760 4155 1864 4211 orditus·
1880 4171 1887 4207 a
1902 4150 1952 4207 llis

308 4230 414 4275 constat
424 4220 450 4275 id
463 4220 622 4290 presidibus
633 4222 716 4277 ureris
732 4222 996 4291 fuissequaecuurque
1006 4222 1032 4274 in
1042 4235 1104 4290 pro·
1156 4224 1233 4293 iqitnr
1247 4224 1363 4277 omnlbm
1377 4224 1479 4288 demut,
1493 4233 1521 4277 nt
1533 4224 1588 4293 ipse
1598 4227 1694 4294 primns
1706 4241 1738 4280 es
1750 4223 1951 4297 trrrpnmnttas

308 4291 450 4346 sinciasua
467 4292 617 4347 acciderant
632 4293 804 4348 membranda
816 4293 849 4346 ad
861 4292 1049 4362 imperatorem
1059 4291 1105 4346 dc·
1156 4296 1353 4349 romunisetinm
1370 4295 1398 4348 iu
1414 4297 1500 4363 ipsum
1510 4294 1593 4349 Deum
1604 4297 1823 4363 inspictntisnrunt
1844 4309 1952 4358 conum·

308 4359 392 4423 ferre:
400 4372 456 4416 tum
466 4362 632 4429 Stratonium,
641 4362 855 4434 uqnoTiberiunt
866 4364 944 4427 ,lieet
957 4363 1027 4416 circa
1035 4335 1145 4417 unosD
1160 4372 1232 4432 teret,
1244 4367 1308 4419 sieut
1324 4363 1495 4421 Tertullianus
1508 4368 1545 4421 uir
1558 4368 1711 4438 scriptorum
1721 4367 1899 4430 nobilissimus,
1910 4378 1953 4418 re·

309 4442 341 4484 ac
355 4432 510 4501 religionem
536 4433 766 4503 negligentiorem,
779 4430 860 4487 luisse
871 4433 1043 4488 nibilominus
1059 4446 1108 4487 au·
1160 4437 1209 4559 Nm
1223 4478 1230 4501 ,
1242 4436 1328 4490 diceros
1340 4451 1349 4489 .·
1361 4435 1497 4502 Consulite,
1514 4448 1567 4494 ete.
1584 4437 1761 4511 llieronymus
1774 4438 1801 4491 in
1815 4434 1951 4491 Chronico

307 4501 1108 4575 dicandiinduesChristianoscedisputantesavidumaecepi-
1186 4507 1322 4561 usebiano.
1344 4505 1447 4562 Priusne
1459 4504 1616 4579 Netosnper
1626 4513 1710 4563 munio
1723 4503 1952 4563 soelnnmuctiotn

307 4578 385 4637 lnus;
398 4584 455 4629 lusu
470 4574 578 4630 dentum
592 4572 774 4646 Latnpu‘dinm
790 4575 824 4629 ab
844 4576 902 4645 ipso
916 4574 1107 4642 llm‘ercanrpiu
1159 4580 1356 4657 persecutionem
1380 4578 1444 4632 inter
1469 4576 1626 4635 Christianos
1642 4583 1711 4650 tacit.
1737 4579 1833 4634 Noster
1845 4586 1953 4646 queque
2026 4586 2033 4595 ·

308 4642 456 4712 laudatum,
471 4647 640 4702 ueeobscure
650 4648 803 4701 instruentem
812 4659 889 4716 quam
898 4644 1107 4713 sollieitcptures
1159 4644 1434 4703 taurianensem.
1449 4647 1604 4706 Grtostices:
1621 4648 1952 4717 VitasCrassorumlepinuts,⁸

309 4711 502 4787 Caesareanum
509 4716 1110 4785 Clsrlstlanlsiuteressent,ittsestigat‘crint.-
1161 4717 1282 4771 orientem
1295 4717 1371 4786 iidem
1385 4717 1476 4774 liuntoe
1485 4721 1583 4789 primns
1599 4714 1669 4774 Nero
1683 4721 1829 4775 eructatuuit.
1841 4714 1952 4772 lstdcin·

311 4781 366 4838 Nee
379 4786 487 4857 insuper
499 4787 610 4842 aldarnus
624 4798 665 4843 est
674 4787 799 4856 quamlibet
811 4788 944 4856 praeallata
959 4782 1107 4854 Tantaquilli
1160 4788 1249 4859 telliqe
1263 4786 1333 4842 istud
1346 4786 1454 4858 Ornsii,
1471 4792 1515 4859 qni
1532 4791 1578 4845 ubi
1588 4790 1635 4846 lib.
1649 4789 1705 4845 ttt.
1729 4805 1789 4861 cap.
1803 4792 1832 4845 ll.
1846 4787 1880 4843 de
1892 4801 1953 4857 per·

310 4850 389 4909 Fabri
405 4856 634 4928 ttaierearnpirioe
645 4868 799 4928 argttmenta
811 4857 974 4913 rescindere.
990 4854 1055 4909 Num
1071 4855 1105 4911 ad
1158 4860 1296 4913 secutione
1319 4857 1369 4913 sub
1381 4859 1496 4930 Traiano
1508 4859 1576 4917 lacta
1589 4862 1671 4916 uerba
1688 4860 1751 4916 lecit
1764 4901 1772 4927 ,
1786 4859 1860 4917 addit
1876 4875 1883 4911 ε
1903 4854 1954 4910 l'e-

311 4924 439 4992 prlmuns,
453 4927 697 4997 subindeoccurult,
708 4928 732 4983 id
745 4928 812 4982 batte
823 4922 978 4982 Tertulliani
996 4935 1105 4980 senten·
1157 4940 1298 4982 runttonten
1317 4930 1435 4985 coartiano
1450 4928 1539 4985 lloutrc
1563 4940 1640 4985 uarro
1660 4931 1749 4986 duntur
1762 4948 1778 4984 ιι
1792 4924 1897 4985 Nerune‘
1918 4933 1955 4980 tot

310 4994 386 5060 tiana,
400 4996 499 5050 nullam
512 4999 569 5051 erati
582 5012 613 5053 cs
625 4998 760 5053 ementitis
774 4997 860 5052 Pontii
876 4997 951 5052 Pilati
965 4997 1030 5051 actis
1045 5010 1104 5067 qaue
1158 5000 1261 5068 priuatis
1277 4999 1431 5070 publicisque
1452 5003 1525 5055 relus
1540 5001 1659 5073 intpensis
1673 5002 1795 5068 conditu,
1823 4997 1954 5068 repmtmu

310 5065 545 5131 circttmletarntur,
557 5069 609 5121 tran
622 5080 686 5124 sero
694 5068 728 5122 ab
737 5070 920 5123 instrumentis
932 5067 1045 5122 Senatus
1053 5083 1104 5136 pu·
1156 5071 1323 5141 eorrtlnqrouit
1338 5064 1455 5125 inr'entllo
1468 5088 1477 5125 .·
1491 5072 1761 5143 utintelllqerettnissn
1774 5072 1849 5126 etium
1859 5069 1890 5123 nl
1902 5067 1954 5120 ulio

309 5133 385 5191 blicis
401 5151 432 5192 ac
452 5137 558 5192 diurnis
568 5138 687 5208 depromi
704 5154 710 5191 ι
725 5139 794 5207 quud
808 5152 872 5193 sune
883 5147 937 5192 usn
951 5137 1077 5192 audacter
1095 5179 1102 5206 ,
1157 5138 1295 5210 pesecutio
1308 5141 1335 5193 in
1350 5141 1412 5210 ipsis
1423 5142 1551 5212 potissime
1563 5144 1738 5208 monumentis,
1751 5160 1766 5195 ιι
1778 5156 1828 5213 quo
1843 5140 1954 5211 pritanum

310 5205 363 5260 nisi
383 5207 516 5264 habuisset
528 5211 644 5277 ,penitus
667 5211 691 5263 in
711 5218 893 5279 compertum,
927 5206 1025 5263 allerre
1048 5208 1101 5262 iton
1157 5221 1244 5264 cuortu
1257 5220 1338 5275 essm,
1363 5220 1438 5281 atquae
1452 5213 1546 5282 inipso
1566 5221 1667 5267 anctore
1691 5214 1786 5283 pinnini.
1813 5211 1877 5266 iecit
1890 5222 1956 5262 vero

310 5280 491 5335 sustinnisset.
509 5310 542 5318 —
554 5279 625 5334 Satis
651 5280 684 5333 aal
699 5278 856 5347 secuudum,
872 5276 1103 5349 prmlandatismo·
1155 5281 1314 5335 amolienda
1325 5282 1606 5355 iunirliatcausqquam
1618 5284 1727 5340 incensa
1745 5283 1829 5339 Numa
1843 5277 1956 5336 conflari

311 5343 347 5399 do
360 5350 512 5403 sanctoribus
526 5352 652 5420 paganis,
667 5352 763 5404 laetum
778 5347 859 5405 luisse
872 5349 978 5404 ridetur
991 5356 1018 5404 et
1031 5350 1104 5403 insu·
1155 5353 1205 5407 sibi
1217 5352 1333 5417 videbat.
1347 5351 1416 5407 Har.
1590 5381 1594 5387 -

310 5420 1103 5542 perereotemsneaontotaorerinrusmtntt,aetimperante
1135 5436 1141 5449 ·
1191 5418 1305 5494 (ellium
1317 5420 1539 5479 mueirrtellonne.
1557 5420 1610 5481 its.
1627 5424 1829 5481 Tuldsnusintr.
1850 5421 1950 5475 liuore.

302 5498 305 5503 ·
335 5488 435 5559 lberto,
457 5491 586 5546 accidisse
595 5493 651 5547 sine
664 5500 773 5562 parturn
789 5493 846 5546 sive
860 5505 996 5562 meminus,
1011 5500 1039 5545 ut
1053 5506 1101 5560 pu·
1155 5490 1362 5548 libenctPam.
1377 5503 1430 5547 tntu
1442 5497 1551 5549 maritae
1563 5494 1660 5564 Nostine,
1674 5496 1701 5551 id
1717 5506 1759 5552 est
1773 5506 1892 5577 tempore
1902 5486 1951 5544 Ne-

310 5556 407 5627 blicis,
424 5561 564 5632 privatisse
575 5563 664 5627 rebrrs,
679 5560 749 5633 qnod
763 5576 814 5618 aron
838 5561 918 5617 luserit
931 5561 964 5617 ad
976 5560 1103 5617 Senatum
1155 5565 1240 5620 ronis.
1249 5562 1312 5619 Non
1327 5565 1428 5635 plaect;
1444 5579 1539 5622 sensus
1552 5577 1608 5633 cst,
1622 5578 1675 5623 non
1690 5566 1754 5621 alibi
1768 5579 1863 5637 magas,
1875 5574 1956 5632 quatu

292 5632 439 5707 'continuo
458 5630 580 5688 relatiua.
593 5632 632 5688 dd
647 5634 764 5700 tertium,
780 5634 934 5688 memineris
954 5630 1034 5688 uelint
1046 5635 1101 5701 jam
1155 5632 1428 5692 Romulianescctant
1440 5650 1504 5693 auus
1514 5645 1659 5693 sectatores
1670 5639 1807 5694 intrauisse
1817 5652 1823 5687 ε
1833 5628 1903 5704 quud
1916 5631 1959 5684 in·

312 5698 459 5768 Tiberium,
469 5700 775 5759 secrtslicetconsulcnte
785 5714 878 5759 senatu
888 5716 920 5758 ae
930 5704 1101 5773 deprecante,
1152 5720 1236 5762 nuere
1249 5706 1351 5761 videtur
1365 5706 1471 5763 Tacitus
1487 5707 1544 5763 llll.
1560 5708 1656 5763 dnuul.
1680 5701 1958 5777 stanpensem

312 5772 453 5842 respuisse
466 5772 562 5842 templa
574 5810 581 5840 ,
593 5772 706 5843 luraque
719 5770 812 5828 bisina
824 5788 883 5844 apuu
897 5774 997 5831 nemini
1011 5775 1104 5843 proiti-
1154 5788 1264 5846 present
1290 5777 1426 5835 enrtrtttts
1439 5778 1585 5849 superstitio
1604 5792 1694 5835 rursus
1713 5774 1879 5847 erumpelm,
1903 5782 1959 5829 nus
