4242 6259
289 257 359 316 tout
389 269 391 276 '
825 251 859 308 ΙΝ
875 244 1108 307 ruuruuuttttt
1126 243 1394 307 truuuuetmuu
1473 237 1479 256 ⁸
1864 241 1937 308 {⁰0ss

288 370 389 427 llinut.
405 411 413 437 ,
436 385 460 424 c.
481 367 525 434 tu,
548 374 598 420 nrt.
612 365 639 433 t,
653 371 676 420 ct
689 364 818 420 diremtol.
834 365 863 418 in
877 362 986 426 Amet„
1001 375 1024 414 c.
1041 358 1088 426 tt,
1101 360 1129 420 A
1142 364 1244 414 tuntum
1257 359 1315 416 lruee
1325 374 1421 416 cuussn
1436 372 1498 416 esse
1512 359 1555 415 rel
1568 358 1657 430 potius
1669 358 1817 432 exeogturt
1839 364 1937 432 potuit.

289 472 340 518 ort.
358 463 386 528 l,
401 471 424 516 et
442 462 468 515 in
490 459 624 524 Lentone,
639 473 663 512 e.
675 459 702 523 ὅ,
719 467 770 513 nrt.
788 458 800 512 l
824 466 849 511 et
869 455 963 527 seqq).
979 453 1087 509 dillrteri
1139 449 1180 506 Ac
1197 451 1284 521 prim
1305 451 1425 523 quictem,
1439 451 1501 523 quin
1518 451 1589 507 Deus
1604 451 1700 508 lrorrtrn
1715 451 1862 524 intorquent
1872 454 1934 510 elfl-

290 569 408 626 unqunm
425 551 524 623 poterit
538 549 612 604 illum
623 549 703 605 ileum
718 565 771 604 non
782 563 853 614 esse,
867 548 914 603 scil
927 546 1088 602 sceleratum
1140 542 1188 597 ciis
1202 553 1229 598 ει
1241 544 1343 599 auxilio
1358 563 1366 600 z
1382 543 1512 610 sectrndo.
1527 544 1591 616 quia
1606 543 1644 599 illi
1659 544 1767 601 eximiis
1785 547 1843 602 suis
1860 548 1937 603 lactis

290 646 427 704 tromtnem
452 645 496 714 qtrt
522 658 631 699 ominem
652 642 836 730 lgrrrrtunitatis,
859 649 887 698 ct
902 640 1013 715 pudoris
1026 653 1090 696 serr·
1140 642 1168 689 et
1193 635 1336 691 uirtutibus
1362 635 1531 693 diuinitatem
1552 643 1718 694 meruerunt.
1740 637 1777 694 Αι
1796 647 1940 711 utrumque

223 807 225 814 Ι
288 750 349 795 eum
365 736 497 792 irrueret?

594 863 740 905 nnutcuuus
756 863 785 904 ιι.

293 964 378 1036 Quum
390 974 544 1038 proepnstrrc
557 963 651 1020 ellinici
666 963 825 1019 venditarent
844 977 904 1016 suos
920 968 977 1032 port
998 968 1091 1015 tumtu-

1140 725 1209 784 luiso
1222 729 1317 786 lulsius
1329 745 1390 787 esse
1401 731 1582 787 conuincitur.

1177 821 1234 891 Qun
1246 823 1318 878 irnim
1330 833 1377 880 unt
1397 833 1578 890 mortuorum,
1591 832 1636 880 tut
1650 823 1733 881 etism
1749 823 1872 881 siverunt
1885 822 1940 881 iro·

1141 914 1244 971 mittum
1257 929 1309 987 ope
1324 916 1394 972 Deus
1406 916 1578 989 omnipotens
1590 916 1942 989 unquamimlipuittllum·

1142 1007 1205 1079 quid
1228 1008 1262 1063 td
1277 1007 1448 1064 corruentium
1465 1008 1613 1065 rnuuduml
1627 1009 1662 1064 m
1674 1008 1831 1080 quicumque
1842 1008 1938 1081 genti-

329 1061 379 1113 lem
398 1060 464 1112 lturre
484 1058 561 1112 uitem
581 1059 662 1126 furter
682 1071 736 1110 erse
758 1055 819 1109 cleos
839 1053 871 1108 etr
889 1052 941 1107 otiu
961 1052 1092 1155 superiore
1142 1100 1182 1157 ,ω
1197 1098 1224 1156 Μ
1238 1101 1420 1169 asseruerim,
1436 1110 1635 1173 mmmmm
1650 1099 1784 1158 habebam
1799 1101 1942 1175 pssm-

329 1151 612 1223 ntorrcipetliuinitutir‚·
632 1165 711 1203 urium
729 1144 1091 1214 uurrtuoutcrrutleurrr‚qut
1142 1206 1200 1247 ram
1214 1188 1285 1263 (md
1366 1192 1402 1247 ¹3
1460 1191 1488 1246 ui
1514 1200 1544 1247 m
1562 1206 1594 1248 su
1614 1206 1643 1247 m
1660 1190 1832 1262 vidimmw
1886 1202 1927 1247 m

329 1245 452 1316 rumellum
469 1253 528 1297 onte
547 1257 634 1296 orienes
655 1240 789 1312 qcntilium
808 1238 880 1304 eleos,
899 1253 930 1291 ue
947 1237 1044 1309 suuper,
1067 1243 1092 1289 et
1146 1283 1153 1297 ,
1183 1281 1247 1338 Lm
1285 1197 1521 1339 ‘''p‘215’q1’2
1597 1207 1644 1340 pd
1709 1285 1715 1296 ,
1822 1209 1887 1248 “m
1930 1233 1939 1250 ⁰

329 1346 389 1392 mtte
401 1333 526 1399 (leserunt,
540 1331 672 1387 Bucelrum
686 1342 709 1386 et
723 1329 867 1386 llineruont
887 1337 1033 1396 rreeoerut,·
1046 1343 1092 1382 nec
1143 1299 1394 1431 :Koebmwfi'g‘w
1410 1300 1462 1404 ’Uar
1476 1325 1483 1338 '
1521 1282 1543 1357 )’
1554 1300 1625 1431 (2⁰2⁰
1646 1296 1852 1431 ῗῗιζῗῖθῖξω
1866 1301 1941 1389 μ’

330 1421 1093 1501 rrtoqirtlemtliciporseillmmntrupumirruerttorer.quum
1146 1464 1205 1524 low
1225 1413 1263 1521 Μ’
1296 1389 1786 1523 υθῃξαὲιὲὲύῖῐὲηξὲὴᾚωωωυῶ
1797 1376 1944 1526 Ἐῖᾜο

330 1519 479 1587 Lucullum,
494 1518 538 1590 qui
549 1533 645 1581 cermn,
663 1526 686 1570 et
700 1513 831 1580 llutonern,
842 1515 886 1585 qui
895 1514 973 1584 licum
988 1511 1094 1567 uirilem
1145 1481 1315 1625 domata&
1338 1562 1428 1630 reim
1453 1551 1571 1615 cremus·
1584 1558 1637 1626 siu
1660 1575 1741 1615 vem
1768 1507 1945 1617 ”imminu

330 1613 358 1668 in
373 1609 479 1666 mmm
491 1625 567 1680 'mm'
581 1608 735 1663 “uul‘mm‘
1125 1631 1129 1636 ⁴
1146 1650 1230 1716 Deus.
1245 1651 1321 1721 cujus
1339 1649 1443 1707 infinite
1459 1660 1578 1723 potestas
1591 1662 1645 1720 est,
1659 1652 1761 1707 nullius
1774 1653 1855 1724 plene
1868 1652 1946 1708 nort·
1981 1687 1986 1698 ·

332 1747 496 1806 Futebuntur
507 1745 614 1817 quidem
626 1743 739 1812 ethnici,
756 1742 829 1815 quod
844 1755 944 1814 negare
958 1755 1095 1812 unusquam
1109 1752 1134 1812 Β
1146 1739 1202 1796 lum
1213 1737 1399 1796 taurinantium
1420 1740 1542 1797 subsidio
1556 1741 1641 1814 equit.

296 1849 452 1917 potuerunt,
473 1838 630 1901 Saturnum,
650 1837 781 1907 utiusque,
795 1850 864 1908 quus
876 1836 942 1891 ileos
953 1849 1014 1890 esse
1027 1848 1097 1890 soru-
1185 1833 1254 1903 Quid
1267 1850 1341 1902 vcro,
1356 1835 1427 1907 quod
1438 1844 1544 1892 constet
1558 1845 1621 1893 urite
1636 1836 1784 1893 Saturnum
1798 1851 1831 1892 nc
1842 1837 1949 1908 quosli-

298 1935 447 1997 uinuereut,
472 1932 564 2003 reipsu
580 1929 661 1985 luisse
682 1928 824 1983 tournines:
840 1928 887 1983 sed
902 1942 963 1982 eum
974 1925 1097 1982 Varrone
1148 1927 1194 1984 bet
1207 1927 1275 1983 ntins
1287 1929 1430 2000 gentilium
1447 1929 1528 1997 (leus,
1543 1929 1652 2000 plurius,
1668 1930 1740 1985 sieut
1756 1931 1795 1985 uit
1805 1930 1950 1987 Tertullia-

297 2025 497 2081 contemtu-bunt
516 2022 582 2087 illis.
595 2021 673 2092 liuius
690 2020 751 2075 nite
772 2020 894 2076 mortalis
909 2034 1022 2076 munere
1046 2020 1097 2077 rite
1149 2033 1210 2087 nus,
1219 2019 1250 2074 tie
1258 2020 1322 2074 eoelu
1333 2020 1545 2088 rnrmnnuem
1555 2020 1733 2091 querentem..
1744 2022 1795 2076 tue.
1803 2020 1874 2094 cit.),
1883 2030 1949 2093 puts

298 2116 510 2184 suentisiorum
531 2113 698 2170 diuinitatem
711 2110 890 2184 (tertullien,
913 2110 1060 2182 Apoloqet„
1072 2126 1096 2165 c.
1148 2111 1234 2168 sutem
1248 2127 1282 2167 ec
1304 2113 1408 2180 luuram,
1424 2113 1563 2181 rodimur,
1581 2123 1604 2169 et
1618 2112 1724 2180 luminu,
1739 2114 1864 2171 vilelicet
1884 2114 1951 2172 stel-

301 2212 345 2276 tt,
361 2228 389 2281 p.
404 2208 480 2281 355).
494 2208 595 2265 lerum
610 2207 756 2263 absurdum
776 2207 930 2278 opinionem
953 2221 1029 2261 suum
1043 2205 1098 2260 ulio
1149 2203 1247 2273 lurum,
1263 2206 1466 2276 llurrumetAliu
1480 2208 1611 2278 siquidem
1626 2208 1652 2264 in
1665 2207 1734 2263 lilrru
1744 2209 1854 2278 scripsit
1870 2228 1878 2266 r
1891 2207 1951 2265 (1oe-

300 2300 615 2356 utrsumliuricommentn
629 2298 696 2354 tueri
708 2296 1098 2367 lrrtstrnconabuntur.Neqne
1151 2295 1205 2351 tuor
1228 2297 1368 2353 luminibus
1387 2300 1526 2369 floruisset,
1541 2300 1677 2371 irrupisset
1697 2300 1779 2356 ruiiir
1801 2302 1950 2357 incuuarre

301 2392 374 2448 enirn
385 2392 508 2447 trurtrines
521 2400 581 2460 pust
592 2398 708 2445 mortem
719 2403 799 2445 sustu
814 2389 851 2444 clii
869 2387 926 2444 tleri
937 2397 1097 2460 potuerunt,
1151 2389 1213 2461 (lii.
1240 2388 1275 2446 tt
1299 2393 1357 2445 ude.
1373 2389 1515 2459 llurcion„
1543 2407 1567 2446 r.
1581 2391 1644 2462 tu).
1661 2392 1746 2459 Quum
1768 2394 1848 2465 igitur
1868 2409 1951 2465 opem

287 2483 354 2540 ¹nisi
369 2484 411 2539 uel
424 2499 440 2538 a
452 2497 482 2538 se
498 2482 572 2553 ipsis,
588 2490 635 2537 eut
645 2480 699 2536 ulto
710 2480 801 2551 utiquo
818 2480 851 2535 iis
863 2481 1016 2553 polemium
1032 2480 1098 2536 deu.

301 2577 382 2648 Atqui
397 2584 538 2647 utrumque
549 2573 644 2629 tiletum
658 2582 709 2628 est.
729 2572 788 2631 Non
807 2573 857 2646 ipsi
869 2574 1001 2645 siquidem
1013 2584 1076 2644 pote
1088 2600 1101 2614 -

301 2678 399 2725 statem
413 2668 565 2724 isaurorum
578 2666 746 2722 divinitatem
759 2667 815 2722 ⁴silui
834 2666 949 2723 mortuis
959 2665 1101 2722 conletem-

302 2760 341 2817 ut.
353 2758 383 2817 Si
399 2759 507 2832 qumodo
520 2774 635 2830 numque
651 2758 682 2814 ru
696 2758 856 2829 potuissent,
870 2775 1009 2831 nunquam
1030 2759 1101 2817 luis·

302 2862 364 2908 seut
380 2851 511 2918 homines,
527 2852 679 2907 mortalium
694 2851 895 2907 iulirruitutiltos
918 2863 946 2908 ει
964 2852 1037 2908 uitiis
1049 2854 1101 2909 olt-

305 2944 388 3000 nuxii.
404 2945 486 3015 uetus
508 2945 577 2998 truite
591 2943 692 2998 Auctor
715 2953 808 2999 noster
833 2945 965 2999 rationem
988 2944 1101 3002 reddit:

304 3036 445 3107 Nunquam
464 3035 577 3090 ltuminer
592 3036 709 3106 [uictum.
723 3036 880 3107 possidentes
892 3037 992 3093 seilicet
1007 3036 1102 3091 niclin-

1150 2484 1185 2538 ml
1216 2483 1344 2540 mundum
1373 2485 1523 2541 creandum
1550 2486 1606 2541 lieo
1635 2484 1707 2542 terre
1740 2487 1869 2544 Saturnus
1900 2498 1954 2545 aut

1151 2577 1263 2648 quililret
1274 2578 1339 2632 elius
1351 2587 1489 2649 poterunt,
1506 2580 1552 2651 qui
1566 2579 1646 2651 lungo
1657 2590 1717 2650 pust
1732 2582 1826 2644 sulem.
1851 2581 1946 2636 lunum

1152 2677 1180 2724 ct
1190 2668 1282 2723 stellus
1295 2673 1416 2740 tcttrprirc
1428 2671 1480 2725 orti
1494 2671 1585 2724 sutrii
1596 2670 1679 2725 Addit
1688 2670 1867 2727 Tertullianus
1882 2683 1948 2728 utute

1152 2773 1248 2818 ornnes
1258 2763 1399 2833 gentilium
1417 2762 1493 2827 deus.
1511 2763 1623 2817 turtitrue
1642 2766 1752 2836 rrruqisre
1763 2764 1883 2836 elipeum
1896 2762 1949 2819 lu·

1152 2867 1218 2920 etur,
1229 2853 1473 2924 queinmunuer'us
1487 2853 1661 2926 pouitiutsiue,
1673 2863 1702 2909 ut
1714 2855 1740 2910 iu
1752 2855 1952 2927 antiquioribus

1154 2945 1233 3001 editis
1245 2955 1273 3002 et
1284 2946 1390 3003 irretitis
1399 2946 1553 3014 codicibus,
1567 2946 1707 3021 inponitis)
1717 2949 1822 3019 sulpure
1830 2948 1952 3005 timuisse

1154 3036 1332 3109 (Tmoliten,
1355 3039 1503 3113 Apoloqet„
1518 3058 1543 3096 c.
1558 3041 1603 3110 tt,
1617 3058 1644 3112 p.
1660 3041 1736 3111 ili).
1755 3041 1787 3096 Et
1803 3055 1869 3096 uero
1883 3055 1951 3096 curn

303 3130 432 3200 risquam
440 3125 672 3199 trnqitislrmnnnae
678 3129 831 3184 conditionis
839 3129 1101 3202 potertotemltlitt.).
1116 3137 1139 3203 c
1155 3142 1258 3188 certum
1272 3132 1307 3186 sit
1318 3132 1435 3187 tonitruo
1453 3133 1583 3204 mugisse,
1596 3140 1738 3203 uutequmn
1749 3131 1851 3203 iupiter
1863 3133 1954 3189 exsti·

304 3220 384 3277 Solus
396 3219 496 3291 quippe
507 3218 554 3275 Dei
569 3218 664 3287 Filius,
677 3219 711 3275 ab
737 3228 839 3276 selerne
855 3221 939 3290 Deus,
957 3229 1101 3290 assumpte
1158 3223 1243 3285 tisset.
1263 3222 1374 3290 dubium
1387 3224 1489 3280 nemini
1502 3238 1564 3280 esse
1575 3224 1667 3290 delict,
1681 3222 1756 3296 quin,
1771 3224 1851 3280 iusito
1864 3225 1956 3280 nurni-

304 3311 424 3386 quitlem‚
438 3313 486 3370 setl
504 3312 585 3369 modo
599 3326 709 3384 prorsus
719 3312 882 3382 udruirutriti,
896 3321 927 3370 et
938 3313 1040 3385 ubsque
1050 3314 1104 3370 ullu
1155 3312 1207 3369 trus
1224 3313 1378 3370 huminibus
1392 3315 1498 3384 tinrure,
1514 3312 1627 3371 lutminn
1637 3331 1775 3388 nunquam
1787 3315 1878 3371 unuin
1900 3316 1958 3386 pri-

306 3404 420 3461 rttiieut
435 3404 537 3475 peceuti
551 3403 622 3472 tuoe,
638 3412 733 3460 nutura
745 3403 873 3474 herminis,
895 3407 1046 3462 mortalem
1061 3404 1104 3461 ui·

307 3506 363 3552 tutu
375 3498 439 3568 egit.
1027 3547 1029 3551 Α

343 3588 435 3656 Neque
449 3588 529 3644 etium
544 3589 598 3645 lteri
609 3589 748 3658 gemilium
761 3589 799 3645 dii
812 3590 846 3646 ab
861 3590 887 3645 ul
899 3589 926 3645 lo
939 3589 993 3645 aliu
1008 3588 1105 3646 diuini·

309 3685 390 3734 tatem
403 3678 524 3747 occipere
543 3688 696 3747 putuerunt,
711 3678 763 3733 nisi
785 3681 837 3735 iltis
850 3680 936 3749 mujor
955 3682 1105 3751 potentior·

309 3788 362 3845 que
371 3773 468 3837 luerit;
485 3782 531 3828 aut
542 3781 571 3827 ut
583 3773 739 3829 tertulliani
752 3775 786 3829 att
801 3774 923 3829 etlrnieus
933 3775 1028 3829 vernis
1040 3780 1103 3829 utu·

310 3881 389 3920 mur:
406 3863 517 3919 Necesse
529 3873 565 3920 ert
581 3864 725 3919 concedetis
738 3883 793 3922 esre
804 3847 915 3936 aliquem
924 3867 1098 3922 sublimiorem

309 3957 404 4025 Deurrr,
422 3967 446 4013 el
462 3957 604 4027 rtrunripem
621 3955 1028 4029 inmincntiainminentia).
1048 3957 1106 4014 Nu·

1156 3420 1229 3462 mum
1242 3406 1335 3462 saltem
1352 3407 1483 3463 timuerit.
1498 3403 1679 3475 Quumulrrcm
1693 3408 1877 3466 Tertullianus
1893 3411 1958 3479 jtuc

1156 3501 1254 3556 merito
1271 3500 1341 3556 tillet
1353 3500 1489 3567 ethnicus.
1504 3502 1549 3573 qui
1569 3501 1675 3574 totquru
1686 3510 1715 3558 et
1728 3500 1840 3583 lutmiua
1854 3502 1882 3556 iu
1897 3501 1958 3571 ejus

1157 3593 1327 3662 munu'csse,
1343 3603 1370 3649 ct
1382 3594 1418 3649 ul)
1430 3609 1486 3663 eu,
1510 3593 1572 3650 licet
1586 3610 1640 3651 uuo
1663 3592 1745 3658 luctu,
1767 3594 1868 3650 uilrruri
1887 3592 1960 3648 eiiu-

1159 3683 1271 3740 ticlmnt.

1195 3777 1248 3833 Sed
1260 3775 1443 3833 ueriusudlruc
1452 3787 1529 3851 urqet
1540 3775 1604 3832 tritril
1618 3774 1804 3848 Imperfectum
1817 3774 1851 3831 ult
1861 3776 1960 3832 omui·

1159 3877 1266 3939 potente
1280 3870 1347 3938 lteri,
1363 3880 1443 3941 utque
1462 3870 1564 3925 idcirce
1577 3869 1719 3932 urumtum.
1736 3867 1857 3924 ommibus
1869 3866 1959 3923 elusu-

1159 3960 1245 4017 lutum
1257 3961 1387 4028 numeris,
1398 3962 1432 4017 alt
1446 3977 1480 4019 ee
1492 3962 1632 4018 conditum
1647 3959 1852 4017 tutneumntn
1860 3958 1957 4030 igitur,

310 4069 372 4109 men
388 4062 478 4111 eutero
491 4068 612 4123 muneepr
628 4066 644 4107 e
662 4051 794 4122 politioris
807 4052 945 4111 latinitatis
960 4069 989 4110 se
998 4053 1107 4125 riptori·
1159 4067 1219 4124 qure
1231 4052 1265 4108 ad
1277 4052 1478 4109 sustentantium
1488 4053 1604 4110 trurninis
1617 4054 1699 4108 ritum
1716 4051 1868 4108 necessaria
1881 4050 1958 4119 sunu

311 4146 759 4220 brusprocusumitur,quiuliquirl
771 4146 878 4218 publice
890 4147 1028 4215 conducit,
1044 4164 1109 4205 veu-
1159 4154 1222 4200 unte
1241 4142 1376 4215 quoslibet
1395 4145 1535 4216 gentilium
1561 4145 1627 4200 deos
1661 4158 1809 4215 ursinusque
1832 4142 1961 4198 homines

311 4241 351 4296 dit
375 4250 403 4297 et
425 4241 542 4297 redimit.
562 4244 679 4297 Atnune
700 4241 734 4297 nh
757 4245 875 4298 Auctore
900 4250 994 4298 nostro
1023 4241 1109 4312 accipi
1160 4242 1306 4292 creaverat.
1319 4231 1500 4305 ltuquenilril‚
1518 4235 1554 4290 nit
1578 4235 1637 4307 ipse
1651 4221 1848 4301 Tertullianus,
1870 4233 1959 4287 cunti·

313 4337 401 4407 potius
419 4335 524 4391 videtur
547 4350 596 4406 pru
613 4334 704 4405 utiquo
733 4334 879 4391 diuirtitetis
902 4334 1029 4402 custode,
1058 4350 1108 4391 cu·
1161 4333 1254 4398 nendo,
1268 4331 1360 4402 idest,
1374 4330 1560 4385 conseruando
1573 4329 1684 4396 leontini,
1703 4342 1735 4383 uc
1752 4324 1907 4383 coltiltenlu
1922 4341 1961 4382 uc

313 4441 403 4484 ruture
426 4442 459 4483 ee
485 4426 613 4497 praelecto
628 4425 731 4496 (luem,
747 4426 794 4484 tit.
816 4428 847 4482 ele
861 4426 970 4496 idolol,
990 4444 1014 4483 e.
1030 4429 1067 4497 t,
1087 4435 1111 4481 et
1161 4432 1331 4493 moreretur,
1346 4433 1369 4480 et
1388 4423 1547 4489 sustinento,
1570 4421 1629 4478 sire
1645 4420 1832 4486 sustentando,
1847 4419 1960 4488 alentio,

314 4518 358 4574 lrlr,
378 4520 410 4575 tle
427 4519 552 4587 tulino,
565 4536 589 4575 c.
612 4518 679 4591 ll);
704 4533 758 4590 quu
774 4531 855 4575 seusu
874 4520 900 4576 in
913 4520 1006 4576 codiee
1018 4519 1149 4589 ruso-1)
1162 4515 1322 4585 relicierulu,
1337 4525 1507 4587 prospectum,
1522 4529 1554 4570 uc
1565 4513 1657 4569 dutum
1673 4522 1730 4584 pust
1745 4512 1963 4568 tontneneren·

314 4611 426 4668 dusiuno
441 4609 605 4678 thermarum
619 4609 786 4681 aliarumque
795 4625 889 4666 »rerunt
911 4611 1043 4682 umrrmper
1062 4624 1110 4667 uo-
1163 4619 1218 4664 tum
1238 4610 1320 4682 putuit
1331 4610 1421 4680 inferri
1431 4607 1536 4681 (iiim).
1550 4607 1603 4664 Sed
1616 4608 1674 4662 hece
1687 4606 1746 4676 eius
1758 4606 1839 4662 uerbo
1854 4618 1910 4660 nou
1922 4604 1961 4662 itu

313 4713 407 4762 cruitur
422 4701 498 4774 (Col.
512 4701 639 4758 Tteutor.
659 4703 710 4772 leq.
726 4700 778 4757 lln.
797 4702 829 4756 tle
854 4699 1012 4773 ttonctptt„
1040 4711 1060 4755 ι.
1074 4700 1109 4767 ll,
1162 4701 1196 4757 ud
1219 4701 1306 4756 virtum
1321 4700 1467 4757 resecemus
1488 4707 1561 4767 suist,
1578 4708 1607 4755 ut
1621 4697 1721 4755 dixisse
1739 4697 1869 4753 credatur
1890 4694 1963 4752 mtit

314 4814 341 4866 p.
359 4795 433 4866 tut).
452 4801 486 4849 nt
505 4795 666 4866 quicumque
687 4793 805 4850 dixerint
819 4793 963 4849 &turnum
988 4791 1111 4863 utiusque
1162 4801 1223 4863 pust
1238 4791 1375 4849 curtditum
1395 4792 1532 4847 ltomiuem
1554 4790 1675 4862 petuisse
1691 4804 1707 4844 u
1723 4789 1778 4845 lieo
1792 4786 1890 4855 ereum,
1903 4801 1963 4859 qne

313 4899 434 4945 mortuos
444 4889 567 4946 ttomiues
582 4903 658 4944 suam
671 4887 993 4958 uirtoimenruceepisso
1007 4887 1042 4943 ab
1054 4886 1109 4942 ulio
1162 4886 1216 4942 vitu
1230 4885 1347 4941 huminis
1369 4886 1553 4950 contineretur
1568 4890 1595 4939 et
1609 4883 1800 4939 sustineretur.
1815 4880 1873 4937 Non
1882 4880 1963 4937 euim

314 4981 385 5037 illius
405 4982 537 5052 mancipe,
556 4980 607 5036 hoe
624 4980 683 5052 ipso
696 4994 750 5037 nun
764 4995 825 5049 csse
839 4980 905 5037 deos
924 4981 1011 5051 pulum
1025 4978 1111 5037 conli-
1164 4977 1214 5033 sibi
1224 4976 1400 5045 uliudroluit,
1415 4978 1581 5041 trisicuncta,
1596 4976 1655 5032 siue
1666 4974 1763 5048 quibus
1775 4976 1891 5030 lcumena
1905 4971 1966 5030 ntra

315 5085 414 5132 untur.
425 5073 512 5131 Verus
524 5072 655 5144 siquidem
669 5073 739 5130 oens
749 5087 802 5129 use
815 5073 875 5148 solo
893 5083 921 5129 ει
932 5081 1050 5129 teterms
1060 5071 1107 5142 sit,
1162 5070 1318 5126 conservari
1333 5086 1386 5125 non
1402 5079 1500 5140 pmcn,
1517 5083 1534 5124 a
1549 5069 1606 5124 lieo
1618 5077 1709 5123 creste
1723 5065 1806 5122 luisse
1815 5075 1880 5122 tute
1892 5079 1967 5122 cort-

315 5181 426 5225 ueoesse
440 5166 549 5222 omniurn
562 5172 614 5221 est.
1163 5161 1234 5217 ditos
1248 5175 1431 5232 quoscumque
1441 5160 1581 5227 tornines,
1597 5158 1724 5216 tumulto
1737 5157 1823 5229 magis
1836 5165 1900 5212 tute
1909 5153 1964 5214 &-

352 5259 483 5317 preterea
497 5257 585 5314 uultus
598 5272 724 5330 unquam,
739 5257 877 5328 uisiptnun
890 5256 1014 5327 desipiet,
1029 5256 1107 5312 dixe·
1165 5261 1274 5310 turnum
1297 5266 1329 5309 ee
1341 5251 1448 5320 lurein,
1464 5250 1870 5323 utiusqucomuesettmicomm
1880 5246 1966 5304 deos.

316 5354 352 5410 rit
364 5353 397 5409 alr
408 5353 593 5427 omnipotente
617 5367 649 5408 ae
664 5350 929 5422 sapientissimum
945 5347 1046 5421 aliquid
1068 5348 1112 5403 in·
1155 5344 1235 5424 ¹'lain
1245 5354 1320 5402 certo
1330 5346 1420 5417 igitur,
1434 5358 1515 5416 quam
1530 5343 1671 5401 euidenter
1689 5343 1735 5399 ille
1751 5341 1815 5400 ioue
1826 5338 1968 5400 mamete

317 5448 507 5513 considerate.
530 5457 632 5503 temere
648 5461 680 5503 ne
704 5446 763 5502 siue
783 5443 1008 5502 mussitantem.
1032 5442 1113 5513 Atqui
1165 5437 1251 5493 Deum
1270 5452 1361 5494 uerum
1379 5437 1477 5492 nullius
1496 5436 1531 5492 ed
1555 5435 1690 5492 mundum
1712 5430 1864 5490 tumendum
1891 5429 1970 5487 incli-

317 5541 391 5597 nulle
409 5556 518 5613 prorsus
530 5554 623 5597 cerussa
637 5538 767 5611 ossipnmi
792 5547 879 5610 potest
897 5555 946 5596 eur
964 5538 1009 5595 itte
1029 5552 1108 5594 suum
1164 5534 1254 5603 quisse
1277 5530 1386 5588 suenio.
1405 5529 1465 5587 Non
1479 5544 1548 5603 erqo
1561 5529 1692 5603 iliiuliqui
1704 5527 1774 5585 huuc
1786 5525 1825 5583 ou
1836 5537 1966 5584 cuturn

318 5641 379 5690 crim
400 5633 514 5689 mortuis
535 5630 687 5689 bortrinilrus
706 5630 918 5687 communicaret
940 5628 1110 5686 utilititatem
1166 5621 1229 5682 lacti
1244 5633 1316 5682 sunt.

318 5722 494 5794 (tertullien,
509 5725 654 5799 Apotopet„
667 5739 692 5784 r.
704 5723 749 5795 il,
765 5740 793 5796 p.
805 5722 881 5796 tel).
896 5722 1000 5796 Duplex
1010 5717 1112 5796 quippe
1203 5718 1286 5782 instet
1296 5717 1385 5778 adhuc
1396 5718 1429 5777 tle
1438 5726 1505 5777 lemn
1518 5716 1668 5779 muleram
1678 5713 1970 5790 omnenlrrqttltult
