4242 6259
153 293 210 352 otte
720 289 824 350 LIBER
842 287 888 347 DE
906 284 1113 350 TESTIMONIO
1130 285 1262 348 ΔΝΜ.
1758 289 1811 353 bib

153 411 241 470 moria
255 423 323 484 opus
335 417 377 468 εει
390 409 424 467 atl
440 409 480 485 (ιι)
494 408 655 467 studendum
669 408 722 483 (1),
736 410 758 465 si
772 409 834 481 quis
846 408 910 465 telit
922 423 955 465 ex
969 411 997 472 A
1009 422 1044 464 ne
1055 405 1219 477 exprobrare
1233 402 1328 477 possit.
1342 400 1408 460 Nam
1423 410 1451 460 et
1463 402 1535 476 quod
1550 404 1665 463 relatum
1677 405 1799 479 εει(10),

154 506 254 563 litteris
277 504 471 576 receptissimis
497 502 647 575 quibusque
668 502 710 575 (Ξ)
732 502 957 575 pbilosophorum
1008 514 1098 571 neque
1110 512 1205 555 omnes
1214 499 1318 565 seiuut;
1332 511 1419 569 neque
1432 497 1477 569 qui
1493 496 1592 565 sciunt,
1602 509 1726 557 constare
1738 513 1805 557 con·

155 600 198 656 rel
214 606 351 670 puetarum
365 599 409 656 rel
423 597 607 670 quorumlibet
620 595 743 654 doctrina
758 598 899 668 sapientiae
913 594 956 669 (1)
1009 591 1105 649 ddunt.
1129 591 1216 650 Tanto
1234 590 1293 665 (11)
1306 589 1384 648 abest
1402 599 1431 647 ut
1444 591 1545 647 uostris
1567 591 1662 649 litteris
1683 601 1804 651 annuant

155 690 295 749 saecularis
302 691 489 763 magistrorum
502 691 656 748 testimonia
672 703 823 762 excerpere
836 688 957 746 christia·
1008 682 1143 754 homines,
1161 683 1195 741 ad
1215 697 1284 756 quas
1298 697 1379 740 nemo
1391 682 1466 739 uenit
1487 683 1540 739 nisi
1550 682 1607 754 jam
1630 683 1805 744 christianus.

157 799 203 841 nur
229 783 366 852 ueritatis;
381 792 410 840 ut
424 782 514 840 emuli
529 790 768 856 persecutoresque
787 781 847 852 ejus
860 780 894 837 dc
908 795 958 837 suo
1007 776 1112 835 Nouum
1126 778 1308 835 testimonium
1321 777 1434 847 advoco,
1446 778 1501 835 imo
1513 777 1586 836 omni
1597 772 1745 837 litteratura
1759 796 1811 839 uo·

157 877 266 949 proprio
278 877 469 946 instrumento,
480 886 508 934 et
520 877 620 935 erroris
629 877 655 933 in
668 891 709 946 se,
724 885 752 933 ot
766 873 915 948 iniqnitatis
929 874 956 931 in
1009 873 1074 943 tius,
1096 873 1169 929 omui
1191 872 1315 929 doctriua
1339 872 1487 943 agitatius,
1508 874 1582 929 omni
1605 871 1725 931 editione
1745 873 1808 931 uul-

156 982 208 1025 nos
220 968 259 1025 rei
272 968 453 1026 revincantur.
468 968 594 1025 Nonnulli
614 965 656 1041 (1)
669 968 779 1040 quidem
796 966 847 1042 (ι),
861 967 958 1039 quibus
1009 966 1108 1039 getius,
1124 974 1180 1021 toto
1203 963 1314 1022 bomine
1336 964 1435 1036 maius,
1460 965 1545 1022 idest
1566 974 1653 1023 tutum
1674 968 1746 1040 quud
1766 977 1814 1027 est

155 1059 191 1118 dc
203 1061 316 1133 pristina
329 1061 483 1118 litteratura
497 1071 525 1118 et
538 1060 703 1118 curiositatis
717 1059 834 1116 laboret
851 1074 957 1116 memo·
1008 1057 1136 1116 lrominis.
1153 1056 1285 1115 Consiste
1299 1057 1326 1116 iu
1339 1057 1440 1125 medlo,
1455 1059 1544 1115 antima
1553 1052 1601 1133 if),
1617 1073 1665 1117 seu
1676 1058 1767 1118 divina
1785 1070 1812 1120 et

154 1152 204 1210 riae
217 1162 294 1210 tenor
308 1154 503 1227 perseverarit,
516 1153 551 1210 ad
569 1168 632 1210 enm
647 1153 757 1210 mudum
773 1152 812 1226 (5)
828 1154 958 1224 opuscula
1008 1159 1108 1207 aeterna
1123 1164 1209 1207 reses
1222 1147 1369 1206 secundum
1384 1149 1477 1221 plures
1503 1150 1689 1223 philosophos,
1702 1166 1736 1209 eo
1750 1167 1811 1209 tua·

155 1258 241 1316 peucs
255 1259 306 1303 nos
319 1246 509 1315 condiderunt,
522 1256 768 1304 commensurantes
781 1253 808 1302 et
824 1245 958 1302 contesti·
1008 1243 1049 1314 gis
1062 1256 1116 1298 nort
1131 1241 1265 1298 mentiens
1278 1240 1347 1314 (11).
1366 1241 1420 1298 Seu
1435 1240 1547 1299 minime
1560 1240 1664 1312 diuina,
1682 1243 1811 1316 quoniam

154 1336 268 1396 deantes
282 1338 310 1397 itt
325 1339 542 1412 suggillationem
555 1348 584 1397 et
596 1340 728 1414 originem
741 1346 769 1396 et
780 1338 952 1396 traditionem
1008 1334 1119 1409 quidem
1133 1334 1264 1404 mortalis,
1278 1343 1308 1391 ut
1320 1334 1438 1407 Epicuro
1451 1335 1503 1391 soli
1525 1334 1641 1404 ridetur,
1665 1351 1700 1393 co
1722 1337 1809 1411 magis

154 1441 182 1487 et
192 1429 387 1489 sententiarum
397 1431 597 1505 argumenta(r)
609 1430 661 1504 (6),
672 1446 790 1503 perquac
800 1430 958 1502 recognosci
1010 1430 1049 1503 (g)
1063 1429 1171 1486 mentiri
1183 1444 1237 1485 nou
1251 1428 1363 1486 debebis
1377 1428 1449 1501 (15),
1465 1445 1514 1486 εει]
1528 1430 1563 1488 (ιε
1581 1430 1654 1489 coelu
1667 1432 1810 1502 exciperis,

154 1523 241 1596 possit
253 1523 306 1597 (7),
321 1523 388 1581 nibil
402 1540 452 1582 nos
467 1535 513 1581 aut
525 1540 626 1581 norum
639 1533 685 1579 aut
700 1532 885 1594 portentosum
896 1537 958 1579 sus·
1009 1537 1057 1579 seu
1070 1521 1182 1580 detersa
1192 1522 1355 1593 conciperis,
1369 1535 1416 1578 seu
1428 1522 1561 1589 numeris,
1576 1536 1625 1581 seu
1638 1524 1735 1580 atomis
1744 1538 1811 1580 con·

154 1615 271 1685 cepisse,
296 1614 331 1672 de
353 1630 407 1688 quo
427 1630 479 1672 nou
503 1615 583 1672 etiam
608 1629 766 1673 communes
793 1626 820 1673 ει
837 1595 959 1687 publicae¹
1009 1613 1137 1681 cinuaris,
1153 1627 1201 1670 sert
1214 1628 1274 1670 curu
1306 1627 1421 1684 corpore
1436 1614 1580 1686 increperis
1593 1612 1665 1688 (11),
1679 1631 1729 1673 seu
1750 1625 1813 1689 post

154 1706 252 1777 litterae
266 1705 301 1764 ad
315 1705 472 1779 suliragium
486 1707 564 1765 uobis
577 1708 790 1780 patrocinentur,
801 1708 825 1765 si
837 1708 901 1780 quid
912 1717 959 1765 aut
1019 1721 1117 1780 corpus
1131 1703 1279 1775 induceris,
1312 1704 1468 1763 undeunde
1483 1705 1540 1780 (15)
1557 1715 1586 1763 ει
1603 1722 1711 1780 quoquo
1731 1710 1813 1768 modo

156 1799 257 1856 erroris
266 1798 409 1871 eiecimus,
432 1808 480 1856 aut
498 1799 633 1871 equitatis
652 1800 822 1858 admisimus.
845 1799 899 1858 sed
917 1816 954 1857 nc
971 1800 1146 1869 Bitominenr
1172 1799 1238 1857 iacis
1252 1799 1350 1855 animal
1364 1798 1506 1868 rationale,
1522 1812 1620 1856 sensus
1642 1810 1670 1857 et
1687 1800 1809 1858 scientie

152 1892 214 1961 puis
229 1893 337 1964 quidem
351 1893 501 1965 magistris,
512 1894 580 1950 alias
601 1894 797 1966 probatissimis
810 1903 890 1967 atque
901 1897 957 1955 lec·
1010 1892 1227 1964 capacissimum.
1240 1889 1293 1948 Sed
1306 1905 1360 1948 nott
1374 1906 1434 1948 eam
1458 1899 1486 1949 te
1501 1892 1617 1960 advoco,
1632 1884 1693 1966 quai
1707 1892 1808 1952 subulis

156 1985 956 2052 tissimis,lideminclinaritlrumanadeincredulitatedu·
1012 1983 1137 2051 ior'mata,
1160 1982 1334 2041 bibliothecis
1357 1984 1515 2054 exercitata,
1539 1986 1684 2044 academiis
1708 1987 1766 2061 (16)
1782 1998 1810 2046 ει

156 2077 231 2146 titia,
246 2077 332 2134 sicubi
345 2079 372 2135 in
388 2088 545 2152 argumenta
558 2080 714 2137 christianae
727 2079 892 2138 detensionis
906 2083 958 2138 im·
1013 2075 1251 2149 porticibusnuici
1265 2084 1369 2148 (11111111
1384 2077 1443 2148 (Π)
1457 2076 1617 2150 sapientiam
1632 2090 1723 2137 110111
1738 2078 1810 2153 (18)·

156 2170 268 2241 pingunt
281 2186 289 2236 ;
303 2177 368 2227 tunc
380 2171 442 2227 rani
455 2179 552 2242 poeta,
567 2187 628 2228 cum
639 2172 706 2229 deus
719 2171 845 2230 buntanis
856 2174 959 2246 passio
1020 2169 1059 2227 Te
1079 2167 1230 2240 simplicem
1250 2175 1279 2223 et
1300 2167 1393 2224 rudem
1417 2177 1445 2224 ct
1462 2169 1612 2241 impolitam
1627 2180 1654 2227 et
1678 2171 1814 2229 idioticam

153 2261 239 2329 nibus
249 2270 277 2318 et
289 2261 387 2319 tabulis
401 2262 544 2335 designant
557 2262 617 2338 (8):
633 2275 698 2320 tuuc
716 2264 869 2337 plrilosupbi
885 2264 957 2336 duri,
1018 2260 1162 2332 compello,
1177 2260 1283 2333 qualem
1299 2259 1358 2333 (19)
1374 2260 1473 2318 babent
1485 2263 1531 2334 qui
1554 2271 1582 2320 te
1596 2263 1682 2320 solam
1700 2264 1811 2337 babent,

157 2366 221 2409 cum
235 2353 355 2410 ueritatis
367 2353 441 2410 iores
456 2355 563 2426 pulsant
576 2354 627 2430 (ιι).
649 2356 784 2413 llacteuus
807 2358 917 2428 sapiens
931 2367 959 2415 et
1018 2354 1092 2411 illum
1106 2355 1191 2426 ipsam
1205 2352 1239 2409 tle
1251 2352 1382 2423 compito,
1394 2350 1429 2409 dc
1442 2352 1530 2419 triuio,
1542 2352 1576 2411 de
1589 2358 1706 2412 textrino
1718 2365 1812 2414 totam.

153 2444 281 2525 prudem
298 2445 449 2513 habebitur,
469 2447 515 2519 qui
531 2461 615 2520 prope
635 2447 813 2506 christianum
834 2464 956 2537 proruun-
1016 2448 1152 2522 imperitia
1179 2457 1225 2505 tua
1258 2446 1323 2504 nriltl
1349 2461 1418 2519 opus
1444 2456 1497 2517 est,
1524 2449 1652 2521 quoniam
1688 2451 1813 2524 aliquan-

154 2538 246 2615 tlarit,
260 2544 321 2596 cuin
333 2540 355 2596 si
367 2539 433 2613 quid
447 2541 596 2614 prudentia:
606 2542 802 2614 autsapteuttue
816 2542 961 2602 affectare·
1015 2543 1079 2599 tulae
1105 2540 1208 2613 peritiae
1228 2548 1280 2596 tusc
1302 2554 1383 2596 nemo
1397 2540 1495 2597 credit.
1519 2541 1558 2599 Ea
1581 2544 1738 2616 expostulo,
1754 2560 1814 2617 quae

158 2632 262 2699 rit‚seu
274 2632 441 2689 ceremonias
458 2632 603 2704 despuens,
614 2650 662 2693 seu
674 2636 800 2692 seculum
808 2639 960 2707 revincens,
1015 2641 1105 2690 tecum
1121 2634 1147 2689 in
1157 2632 1294 2689 homiuem
1304 2631 1362 2708 (20)
1378 2631 1473 2702 infers,
1490 2649 1551 2705 quac
1562 2643 1650 2693 autex
1662 2637 1814 2709 temetipsa,

154 2737 210 2800 ,pto
226 2723 374 2781 christiano
390 2724 534 2783 denotetur
555 2728 603 2800 (e).
627 2726 686 2784 lum
707 2729 786 2801 igitur
800 2729 867 2786 nibil
881 2730 960 2789 nobis
1019 2735 1067 2783 aut
1084 2741 1119 2783 ex
1132 2740 1303 2797 quocumque
1320 2735 1431 2782 auctore
1445 2736 1492 2783 tuu
1503 2727 1604 2785 sentire
1615 2727 1744 2786 didicisti.
1756 2730 1816 2788 Nun

157 2820 212 2876 ertu
230 2834 291 2876 cun
314 2820 584 2879 ttrurtsetdoentnu
598 2838 731 2895 perversu
757 2823 900 2894 relicinus,
914 2826 958 2881 cui
1018 2815 1416 2890 csunodsciamchristiann
1430 2817 1645 2885 irrisuinmnn
1659 2823 1732 2879 nasci
1747 2823 1817 2881 solet

158 2908 188 2966 in
207 2909 275 2967 laiso
290 2913 379 2982 potius
395 2912 516 2969 creditur
529 2913 580 2988 (9),
595 2928 675 2986 quam
697 2915 723 2972 in
738 2931 814 2972 uero.
836 2915 961 2973 Viderint
1017 2910 1081 2983 (11)
1106 2910 1250 2968 christiana
1278 2908 1330 2983 (lt).
1345 2909 1448 2967 Tamen
1462 2926 1561 2968 nauca
1579 2920 1607 2969 ιε
1632 2913 1815 2972 testimonium
1849 2956 1854 2965 .

160 3001 251 3074 siqui
272 3002 307 3057 de
329 3004 410 3059 unico
433 3014 461 3060 et
481 3005 541 3061 solo
555 3005 607 3062 deo
626 3008 877 3079 pronuntiaverunt.
902 3006 960 3065 imo
1021 3000 1350 3075 dagitantclrristiasi,ab
1366 3010 1494 3061 extranea
1506 3001 1717 3077 aduersustuos,
1729 3016 1759 3065 ut
1771 3006 1816 3064 ael

162 3093 231 3151 nibil
243 3095 355 3155 omniuo
368 3095 482 3154 relatum
497 3096 538 3169 stt,
553 3098 625 3171 quod
648 3109 776 3171 agnoscat
787 3100 961 3170 christianus,

786 3214 980 3275 euclionis
999 3209 1211 3273 VARleTES.
1304 3220 1310 3229 “

148 3344 154 3351 ·
205 3327 230 3385 1)
246 3325 433 3379 Αιιειιιιιειιιιιιιιι
445 3324 536 3393 niqatt.
975 3331 998 3395 C
1046 3325 1100 3393 (111
1117 3324 1222 3378 Taunum
1232 3324 1313 3397 Just..
1404 3381 1412 3398 ι

204 3388 222 3439 2
244 3388 283 3439 Ex
293 3390 388 3441 ttuerts
397 3403 457 3441 rece
476 3391 561 3442 tissimi
572 3390 692 3456 cujusque
703 3393 764 3445 suu.
777 3397 801 3446 et
817 3401 847 3445 ι’.
860 3392 960 3446 ciacon.
1060 3390 1090 3442 ts
1117 3387 1339 3439 11ειιιειιειαιιιι.
1351 3386 1522 3442 aurorum.

203 3453 220 3501 3
247 3406 545 3525 Doctrinaeacsapientis
556 3451 647 3520 iliqult.
1060 3453 1092 3504 15
1118 3449 1225 3522 Debens
1237 3448 1450 3524 Wonwdligolt„

205 3515 221 3562 ι
251 3512 299 3562 liet
307 3524 446 3565 ειιιιεειιιιιι
460 3529 466 3564 :
479 3515 515 3567 Ac
527 3515 637 3567 nonnulli
648 3518 747 3582 quidem
758 3518 820 3569 lun.
1065 3514 1093 3566 11
1121 3512 1240 3575 luciperts
1249 3513 1311 3564 lura.
1323 3513 1410 3578 incipis
1418 3516 1475 3579 ιιι).

205 3572 489 3643 surgentesttigult.
1062 3578 1090 3629 ttt
1118 3571 1255 3648 1ιιιιε1ιὶᾳ.ί
1334 3634 1341 3646 .

203 3639 232 3698 6)
248 3635 276 3687 Ιι]
284 3636 464 3699 sugillationem
476 3646 502 3691 et
513 3641 634 3704 originum
647 3648 674 3693 et
685 3642 853 3701 traditionum,
869 3649 895 3695 et
907 3656 963 3695 sen·
1061 3641 1091 3690 ιιι
1116 3637 1271 3688 Academicus
1281 3645 1362 3690 emas.

155 3701 305 3769 sentiarum,
316 3708 461 3763 argumenta
470 3701 653 3756 Itosctlutin.
666 3705 691 3756 in
700 3704 796 3769 singula
805 3707 925 3759 rationem
936 3716 963 3760 et
1062 3702 1089 3753 l'l
1117 3699 1190 3750 Pesla
1225 3698 1257 3750 ’.

156 3761 287 3826 elinquit.
1062 3765 1090 3815 ts
1118 3761 1222 3813 ieiunas
1261 3762 1332 3816 ὀιιιι.

209 3842 217 3872 ι
247 3823 542 3898 Recognoscibel’rior.
861 3858 867 3871 ·
1061 3826 1091 3877 19
1119 3821 1314 3904 Τιειιιιιι.ιιι’9;,
1352 3886 1358 3897 .

204 3885 221 3935 8
246 3887 383 3951 Abstgnanl
393 3889 456 3939 lun.
1060 3889 1103 3952 stt)
1120 3887 1214 3939 'lecum
1224 3887 1315 3938 bomini
1327 3889 1383 3956 nup.

206 3949 238 4062 ε)
249 3949 308 4001 cum
319 3952 345 4000 tn
355 3950 601 4066 reacquisierunt
615 3956 669 4007 rer.
683 3955 743 4007 ceu.
757 3954 847 4023 utpute
1060 3951 1100 4019 21t
1118 3949 1191 4004 sues
1204 3950 1363 4018 muman.

209 4012 218 4062 ι
238 4011 422 4076 lilelatttmsrt
453 4028 494 4068 rat.
508 4013 597 4082 utqui.

843 4123 1122 4184 COMMENTARIUS.

158 4264 187 4311 et
200 4255 275 4312 nimis
289 4256 354 4313 ieris
368 4273 422 4314 este
436 4258 589 4326 uideantur,
604 4260 649 4315 ted
661 4259 794 4316 cumositm
808 4259 874 4316 nituit
887 4277 961 4317 rccu-
1012 4260 1142 4318 iacobum
1154 4259 1264 4316 iratrem
1280 4259 1396 4328 Domini,
1411 4259 1456 4317 ubi
1470 4260 1583 4332 loquens
1596 4262 1630 4321 de
1643 4264 1676 4322 iis
1687 4265 1732 4337 qui
1747 4283 1817 4327 non·

156 4337 214 4383 sat.
227 4327 403 4386 casaubonus
422 4331 510 4403 inquit
533 4333 559 4386 in
584 4331 655 4387 nutis
667 4330 701 4386 ad
724 4331 833 4403 Vopisc.
858 4334 963 4403 perier·
1013 4333 1078 4390 dum
1092 4331 1328 4398 centensimam,
1342 4331 1380 4386 ait
1394 4331 1530 4390 illusesse
1544 4334 1619 4392 ioris.
1643 4335 1710 4394 Luc.

157 4399 234 4470 giam
258 4398 337 4472 (true
359 4415 412 4458 uox
432 4403 504 4459 idern
518 4412 560 4459 est
581 4417 642 4459 cum
665 4401 848 4476 curiositate),
866 4405 962 4461 iactam
1052 4404 1094 4475 (ε)
1108 4401 1258 4458 Derrotetur.
1283 4402 1339 4458 11οε
1350 4401 1482 4470 uerbum,
1505 4402 1549 4460 ltic
1573 4414 1601 4461 et
1619 4419 1692 4478 saepc
1707 4409 1774 4465 alias
1788 4411 1816 4467 in

156 4468 349 4543 pedissequam
371 4471 524 4558 philologiae
537 4474 572 4530 ab
597 4474 674 4530 biart.
697 4474 806 4545 Capella
823 4515 831 4540 ,
859 4482 886 4530 et
913 4477 965 4531 alia
1016 4474 1115 4530 rnalam
1127 4482 1229 4542 partem
1238 4474 1363 4528 sumitur.
1377 4471 1557 4547 Hieronymus
1569 4475 1604 4531 de
1616 4487 1742 4550 suspecto
1751 4494 1817 4538 cou-

157 4542 295 4612 quaepiam
304 4542 380 4599 alleri
393 4542 427 4600 de
437 4547 549 4602 drtstaea
560 4547 691 4616 scriptore
700 4544 964 4614 antiquissimomsc.
977 4574 1006 4636 D
1019 4544 1153 4601 tubernio.
1184 4544 1232 4600 l'ot
1252 4553 1401 4601 cunctorum
1422 4544 1496 4616 digiti
1519 4544 1693 4617 denotabunt,
1708 4548 1816 4623 idest,

205 4612 246 4683 (a)
262 4612 334 4683 Opus
356 4623 393 4670 est
416 4615 616 4672 adstudendaun.
640 4615 714 4685 Opus
734 4616 806 4688 quod
829 4616 966 4673 adstuderi
1021 4615 1199 4674 infamabunt.
1214 4615 1281 4671 Ltc.

161 4683 268 4740 deleat
281 4700 377 4756 magna
395 4687 568 4754 curiositate,
583 4697 612 4744 ει
625 4687 728 4758 ιιιε)ειε
743 4686 883 4743 memoria.
902 4687 964 4746 lite.
1055 4685 1088 4760 (i)
1104 4687 1218 4743 destricte
1230 4690 1256 4742 in
1270 4686 1363 4753 medio,
1382 4687 1480 4743 dirime.
1503 4686 1695 4760 Prosopopoeia
1711 4690 1744 4748 ad
1755 4692 1817 4751 atti·

207 4754 248 4824 (ιι)
264 4753 392 4813 Νοιιιιιιιιι·
403 4758 516 4829 quidem.
529 4758 630 4816 illudit
649 4757 684 4814 ad
704 4771 768 4824 eos,
791 4759 913 4828 quiante
936 4774 967 4816 se
1018 4774 1106 4824 mam,
1121 4774 1136 4813 a
1150 4774 1202 4830 qna
1215 4757 1397 4814 testimonium
1411 4756 1541 4815 aduersus
1561 4771 1656 4833 gentes
1667 4761 1816 4836 deposcit,

161 4823 300 4882 adversm
335 4838 431 4897 gentes
458 4830 648 4900 scripserunt,
683 4828 792 4885 Graecos
818 4833 966 4899 presertim
1018 4832 1046 4886 in
1061 4845 1112 4902 qua
1127 4830 1255 4901 persistit,
1271 4830 1397 4898 usquead
1410 4830 1490 4887 duem
1500 4843 1561 4915 cap.
1575 4831 1603 4887 1.
1618 4832 1712 4891 Varias
1725 4846 1817 4894 autent

156 4899 244 4972 (nam
257 4897 391 4955 secundus
404 4899 439 4954 ab
461 4901 604 4972 Apollonio
625 4900 782 4956 Latinorum
806 4901 966 4971 scriptorum
1018 4900 1163 4973 dequibus
1177 4900 1220 4956 bic
1240 4902 1351 4973 paucis,
1375 4900 1483 4972 Epicuri
1507 4902 1675 4975 altorumque
1699 4906 1820 4977 philoso-

157 4985 177 5023 ι
208 4967 241 5023 ll.
268 4967 379 5025 ilieroo.
406 4970 434 5026 in
457 4972 579 5043 catalogo
602 4969 790 5042 recensetur),
804 4969 967 5039 Qrtadratum
1039 4972 1135 5028 burum
1150 4970 1184 5029 de
1199 4972 1285 5028 anima
1307 4971 1446 5042 opiniones
1468 4972 1598 5031 latissime
1612 4986 1736 5034 recenset
1751 4979 1819 5037 inira

156 5039 240 5104 dico,
253 5039 413 5108 Aristidem,
438 5042 574 5098 lustinum
603 5041 805 5114 philosophum,
825 5045 968 5116 Anaxago·
1019 4988 1068 5101 fib.
1083 5043 1118 5099 de
1142 5043 1241 5099 anima.
1264 5042 1418 5099 ilocurtum
1437 5042 1464 5098 id
1481 5043 1587 5113 dicam,
1614 5049 1733 5105 nondum
1758 5064 1820 5107 cum

153 5125 237 5176 tam,
258 5109 429 5181 ilelitunem,
443 5112 623 5185 'lbeopltiium
640 5112 857 5179 tntioctreuun,
885 5117 969 5186 Apul·
1022 5114 1081 5170 lucc
1093 5116 1243 5182 scriberet,
1258 5115 1339 5170 luisse
1352 5114 1497 5171 Arrctorem
1522 5116 1548 5172 iu
1564 5131 1657 5176 errore
1675 5119 1710 5178 tle
1731 5122 1821 5179 anima

153 5181 312 5249 linarium,
328 5182 480 5249 lulianum,
497 5184 636 5251 irenaeum,
649 5184 968 5242 Clemetttemdlexandr.
1021 5187 1133 5243 traduce
1145 5197 1192 5241 aut
1204 5199 1343 5257 corporea.
1361 5185 1428 5240 Ριιιι.

158 5261 193 5309 ει
220 5250 363 5309 lliltiadem
382 5270 388 5307 :
404 5270 519 5324 quorum
534 5256 656 5326 quaedam
667 5255 700 5311 atl
713 5257 822 5310 terbum
840 5272 908 5327 pene
919 5272 969 5313 suo
1022 5300 1024 5309 ‹
1058 5255 1098 5329 (ιι)
1114 5255 1154 5312 du
1168 5257 1248 5329 nraqis
1260 5256 1362 5311 urrerrtiri
1374 5273 1425 5311 nou
1451 5257 1553 5313 delent.
1578 5258 1607 5315 ln
1620 5262 1823 5335 exemplaribus

153 5322 341 5394 Apulugeticu
354 5325 500 5396 inspersit,
524 5326 558 5382 ad
579 5340 659 5398 quem
674 5326 755 5382 tacito
767 5326 876 5383 numine
888 5331 969 5385 etiarn
1022 5328 1137 5399 legitur,
1153 5327 1214 5383 Nun
1226 5326 1335 5382 delebis.
1349 5326 1474 5385 Animam
1489 5331 1634 5400 compellat
1647 5350 1656 5389 a
1672 5332 1700 5391 Si
1713 5333 1822 5405 diuina,

159 5395 216 5453 iric
231 5394 336 5450 ridetur
348 5395 479 5454 alludere.
495 5397 563 5453 Ριιι.
1022 5400 1126 5470 inquit,
1151 5407 1178 5454 et
1203 5408 1301 5454 aeterna
1316 5412 1361 5454 res
1379 5414 1427 5466 es,
1450 5414 1483 5456 co
1504 5403 1590 5472 magis
1609 5418 1663 5460 non
1686 5408 1822 5473 mentiris,

201 5462 244 5537 (c)
260 5462 294 5519 Et
306 5469 488 5523 mirteuu'urum
501 5479 660 5540 argumenta.
681 5469 836 5539 Legendum
847 5470 967 5537 ridetur,
1022 5484 1083 5526 cuttu
1097 5467 1132 5525 sit
1143 5480 1220 5541 turpe
1232 5478 1258 5525 et
1270 5468 1407 5540 indignum
1421 5470 1477 5531 lieu
1491 5472 1670 5531 mendacium.
1693 5478 1721 5534 Si
1743 5478 1824 5534 mini·

155 5546 189 5593 et
204 5547 364 5605 argumenta
387 5541 600 5604 seruientiarum,
626 5551 653 5598 et
668 5551 760 5613 postea
785 5540 969 5611 disjungendae
1020 5556 1064 5598 mc
1078 5540 1167 5596 diviua
1182 5556 1227 5596 res
1240 5555 1291 5608 es,
1308 5555 1341 5596 eo
1363 5541 1448 5612 magis
1469 5543 1579 5600 mentiri
1599 5559 1653 5602 non
1676 5547 1776 5614 debes,
1796 5557 1826 5606 ιιι

155 5620 250 5689 uoces
266 5624 324 5678 quoe
344 5612 508 5681 recopnosei,
532 5612 758 5685 seribendumque
779 5627 808 5666 rc
828 5615 967 5684 cognosci,
1021 5613 1204 5669 testiinonium
1218 5610 1293 5668 dicas
1305 5612 1457 5684 ingratiam
1472 5613 1540 5683 liei,
1560 5615 1688 5690 aliquem
1713 5621 1828 5678 minime

156 5680 325 5749 disjunctim.
341 5679 380 5736 Le
395 5681 444 5737 l’tt.
622 5732 624 5737 .
1020 5685 1151 5756 pertines.
1167 5682 1228 5741 lito.

194 5746 246 5832 ⁵(d)
263 5748 382 5807 Veritatis
401 5754 469 5822 (οιει
493 5755 608 5827 pulsant.
636 5754 711 5814 lianc
730 5755 892 5813 locutionem
913 5755 968 5813 uitii
1057 5755 1099 5828 (ir)
1113 5754 1257 5812 Nounmci
1277 5753 1511 5812 sclethristiuuc.
1534 5756 1635 5817 Anima
1657 5762 1760 5820 scilicet
1783 5778 1833 5836 per

157 5829 254 5907 ettam
267 5820 294 5878 iu
309 5824 422 5895 epistula
437 5825 483 5883 illa
496 5827 586 5903 magui
598 5826 829 5899 illiusclemeutis
843 5827 969 5902 Papacad
1021 5826 1102 5885 iidem
1123 5835 1315 5902 regeneratur,
1339 5828 1416 5887 sicuti
1439 5841 1554 5902 corpora
1577 5847 1593 5890 a
1612 5835 1774 5907 parentibus
1786 5852 1834 5911 ge·
