4242 6259
288 330 345 412 sas
994 342 1230 410 marmarum
1885 353 1938 415 rao

291 480 351 526 tura
364 465 553 546 prospicimus,
564 474 594 524 ct
613 465 688 537 signa
707 478 801 522 eoram
821 464 941 539 quotidie
961 465 1087 523 intentari
1102 469 1129 531 A
1143 478 1250 526 tuerunt
1258 467 1396 526 christiani
1407 470 1471 528 :scd
1481 468 1550 528 idem
1563 474 1614 546 ipsi
1625 473 1671 545 qui
1684 488 1731 545 per
1741 472 1833 543 qenins
1843 486 1936 530 eorum

292 565 416 620 ridemus
432 562 483 631 (l),
499 570 661 617 necesseest
684 558 729 615 rcl
748 558 798 614 lrac
810 558 1041 629 modocrumpere
1055 559 1089 614 ad
1142 563 1168 618 iu
1188 561 1273 633 pridie
1288 578 1374 633 usque
1386 564 1543 634 juraveruut
1556 568 1605 640 (e),
1619 569 1664 638 qui
1679 582 1728 638 pru
1744 567 1832 623 salute
1846 581 1938 623 corum

288 652 465 728 proponenda
479 651 555 709 rolris
566 666 671 720 ea,qu:r
680 652 830 720 polumnus
842 650 1023 709 valtisaudire
1037 647 1088 723 (a).
1142 652 1244 711 lsostias
1266 661 1295 711 et
1313 653 1433 711 fecerant
1444 657 1486 729 (1)
1507 667 1535 714 ει
1555 666 1695 725 coremur,
1707 658 1751 728 qui
1775 658 1939 716 christianos

599 741 711 799 CAPUT
727 741 761 798 ll.
1141 763 1215 821 steps
1231 748 1425 807 damnaverant
1435 790 1444 816 ,
1456 750 1547 808 hostes
1560 766 1654 809 eorum
1666 760 1727 808 sunt
1740 750 1851 822 reperti.
1860 749 1940 809 cari·

326 838 381 896 Nos
404 852 487 895 unum
511 838 591 895 deum
612 838 737 908 colimus,
762 852 842 910 quem
865 851 960 920 omues
981 845 1092 895 natura·
1143 839 1247 899 arianus
1259 841 1361 898 nullius
1373 852 1415 899 est
1430 841 1524 907 lrostis,
1538 844 1636 902 nedum
1649 844 1840 917 imperatoris:
1853 842 1935 917 qlaem

290 931 353 989 liter
373 932 482 1013 nostis,
515 930 549 987 ad
570 931 655 1004 rcujus
676 930 781 1003 fulgura
806 941 834 988 et
854 932 971 987 tonitrua
985 939 1093 989 contre·
1144 934 1234 1003 sciens
1252 950 1268 991 a
1284 934 1341 991 lieo
1355 949 1405 991 suu
1419 937 1558 1003 constitui,
1571 953 1682 994 necesse
1700 945 1741 994 est
1762 945 1791 992 ut
1804 944 1832 993 et
1852 938 1940 1009 ipsam

291 1023 406 1082 sancitis
417 1021 477 1098 (2),
491 1021 527 1080 ad
538 1023 616 1095 cujus
632 1024 764 1081 beneficis
785 1023 918 1097 pendetis.
929 1022 1049 1082 Ceteros
1063 1033 1093 1084 ct
1143 1024 1255 1098 diligat,
1269 1035 1298 1083 ct
1313 1035 1485 1097 revereatur,
1501 1033 1530 1085 et
1549 1028 1679 1096 honoret,
1691 1037 1720 1085 et
1739 1029 1844 1085 salvum
1856 1028 1940 1098 relit,

290 1116 344 1189 ipsi
363 1113 540 1189 putatisdeos
552 1128 632 1183 ²⁸⁸0,
657 1130 798 1193 quosdos.
817 1115 957 1191 fiaelsswsss
979 1116 1091 1173 scimus.
1144 1136 1206 1180 eura
1226 1128 1282 1177 toto
1303 1136 1417 1179 rumano
1431 1123 1562 1193 imperio,
1584 1139 1723 1198 quousque
1741 1124 1869 1183 sarculum
1887 1134 1943 1182 sta·

290 1207 395 1268 Tamen
410 1206 520 1264 humani
537 1205 606 1279 juris
626 1214 654 1265 et
675 1206 804 1264 naturalis
821 1207 962 1279 potestatis
975 1216 1018 1265 est
1029 1207 1091 1265 uui·
1144 1213 1192 1270 bit.
1208 1213 1322 1271 Tamdiu
1335 1214 1409 1272 eninr
1421 1216 1513 1274 stabit.
1532 1216 1653 1275 Colimus
1674 1232 1741 1290 erga
1753 1226 1782 1274 et
1794 1216 1944 1289 imperata·

291 1303 405 1375 cuique,
427 1300 499 1375 quod
523 1301 668 1373 putauerit,
690 1301 799 1368 colere;
812 1316 863 1358 nec
882 1300 928 1358 alii
954 1302 1034 1360 obest
1045 1309 1094 1357 aut
1144 1320 1202 1363 rem
1219 1306 1269 1373 sic,
1280 1306 1416 1380 quomoda
1429 1321 1457 1367 et
1477 1309 1647 1379 nobislicet,
1663 1320 1691 1367 et
1705 1310 1756 1382 ipsi
1770 1310 1895 1383 expedit,
1910 1316 1943 1366 ut

292 1394 538 1469 protoscrinarius
552 1394 657 1467 religio.
671 1393 724 1452 Sed
738 1409 789 1452 uec
801 1394 940 1467 religionis
955 1402 997 1452 εει
1010 1409 1092 1468 coge·
1147 1398 1284 1457 homiuem
1300 1415 1317 1456 a
1337 1400 1395 1458 lieo
1415 1402 1582 1473 secuudum,
1607 1412 1635 1461 et
1648 1403 1776 1478 quiequid
1793 1411 1837 1461 cst
1856 1418 1872 1460 a
1884 1402 1945 1461 Deo

290 1505 323 1550 ῐε
335 1489 494 1562 religionem
507 1487 557 1563 (l),
568 1505 628 1562 quae
640 1497 736 1561 sponte
750 1488 850 1560 suscipi
860 1488 968 1556 debeat,
983 1503 1036 1544 non
1047 1488 1090 1545 ri:
1144 1502 1316 1549 consecutum
1328 1492 1379 1565 (5),
1391 1494 1513 1567 sololtec
1523 1498 1667 1553 minorem.
1682 1495 1739 1551 lloc
1752 1503 1780 1552 et
1793 1495 1850 1566 ipse
1859 1494 1944 1552 valet.

292 1597 355 1642 cum
373 1592 401 1641 et
423 1581 519 1640 hostiae
539 1584 574 1640 ab
594 1584 686 1640 animo
698 1583 794 1640 lilreuti
818 1584 1032 1655 expostulentur.
1052 1582 1093 1640 lta
1144 1583 1190 1642 Sic
1208 1584 1280 1642 euim
1297 1586 1421 1644 omuibus
1433 1588 1580 1660 majorest,
1595 1588 1660 1645 dum
1675 1590 1734 1645 solo
1747 1600 1812 1645 rero
1825 1588 1945 1645 deami-

293 1678 346 1736 etsl
356 1691 407 1734 nos
420 1676 604 1748 compuleritis
621 1678 657 1733 ad
670 1676 889 1743 sacrificandum,
904 1676 971 1733 nihil
981 1687 1095 1749 presta·
1145 1690 1197 1732 nar
1210 1684 1268 1733 est:
1283 1677 1322 1733 sic
1334 1685 1362 1735 et
1374 1678 1439 1749 ipsis
1453 1678 1507 1735 diis
1522 1679 1669 1751 maJurest,
1680 1679 1744 1737 duur
1757 1690 1787 1737 et
1797 1681 1847 1750 ipsi
1859 1682 1885 1735 io
1898 1695 1947 1752 po·

294 1769 358 1830 bitis
372 1771 425 1828 diis
436 1770 553 1827 uestris:
569 1770 604 1828 ab
616 1770 708 1828 invitis
720 1770 791 1826 eninr
805 1769 938 1827 sacrificia
952 1785 1008 1826 uun
1019 1768 1094 1827 desi-
1146 1775 1243 1826 testate
1267 1779 1330 1826 sunt
1350 1771 1419 1843 ejus.
1436 1770 1533 1844 ltaque
1551 1783 1580 1830 et
1602 1774 1786 1831 sacrificamus
1799 1789 1848 1849 pro
1861 1774 1947 1831 saluta

294 1865 436 1932 temtum
448 1864 531 1921 nisisi
541 1865 703 1922 contentiosi
714 1873 788 1931 sunt,
806 1864 994 1921 contensiosus
1003 1873 1096 1921 autern
1109 1903 1134 1967 Β
1147 1860 1320 1945 imperatoris
1334 1862 1437 1936 (asad
1448 1864 1506 1921 lico
1518 1875 1611 1921 nostro
1621 1842 1744 1943 clipeiue
1755 1883 1763 1921 r
1774 1866 1822 1922 sed
1834 1839 1948 1938 quonao-

294 1959 362 2017 deus
375 1974 429 2015 nou
442 1966 495 2016 εει.
509 1958 628 2032 lienique
640 1958 685 2029 qui
700 1965 743 2015 εει
757 1971 855 2023 seros,
870 1957 961 2012 omriia
990 1970 1038 2012 sua
1061 1970 1097 2014 ex
1148 1952 1184 2010 da
1197 1942 1326 2025 praecepit
1338 1955 1416 2021 Deus,
1432 1971 1600 2037 puramque.
1616 1956 1676 2013 Non
1687 1957 1761 2013 enim
1774 1965 1836 2031 eget
1850 1957 1939 2025 Deus,

296 2066 374 2123 aequo
392 2059 420 2108 et
440 2048 561 2124 proiauis
575 2059 603 2106 et
620 2049 677 2107 suis
699 2055 827 2121 prestat.
842 2047 959 2119 ideoque
976 2054 1005 2104 et
1021 2046 1095 2119 judi·
1148 2043 1272 2102 conditor
1296 2045 1497 2116 universitatis,
1533 2047 1624 2104 odoris
1655 2057 1701 2104 aut
1724 2050 1864 2121 sauguinis
1886 2049 1937 2106 ali·

295 2144 367 2201 eium
380 2139 839 2213 eonstituitaeteruuurdegratiset
851 2138 973 2211 ingratis.
992 2136 1098 2220 Tamen
1149 2137 1288 2213 eujus(q).
1304 2138 1369 2197 llaec
1381 2140 1455 2196 enim
1469 2139 1666 2220 demoniorum
1685 2140 1783 2217 pabula
1796 2152 1869 2197 sunt.
1885 2141 1947 2198 Dae·

296 2250 358 2305 aes,
370 2250 440 2307 quos
452 2234 598 2306 sacrilegos
610 2233 781 2301 existimatis,
791 2246 842 2289 nec
854 2232 882 2287 in
898 2231 969 2286 larto
979 2245 1097 2301 anquam
1149 2247 1244 2291 moues
1265 2240 1355 2289 autem
1375 2246 1428 2288 uon
1451 2242 1554 2289 tantum
1576 2233 1741 2304 respuimus,
1755 2248 1849 2290 rerum
1863 2243 1891 2290 et
1904 2248 1948 2291 re·

296 2328 530 2402 deprehendistis,
545 2326 643 2384 nedum
663 2327 692 2383 in
713 2327 864 2399 sacrilegio.
881 2325 982 2384 Omnes
1004 2333 1095 2383 autera
1147 2326 1300 2394 vincimus,
1317 2334 1345 2382 et
1366 2326 1485 2398 quotidie
1504 2326 1691 2396 traducimus,
1705 2329 1781 2385 etde
1796 2326 1949 2387 numinibus

296 2423 342 2497 qui
365 2423 463 2494 templo
484 2420 636 2495 despoliant
646 2419 699 2492 (3),
721 2427 748 2477 et
773 2435 821 2491 per
848 2418 914 2476 deas
934 2419 1044 2491 jurant,
1070 2424 1097 2476 et
1148 2421 1323 2493 expellimus,
1336 2420 1537 2493 sicutplarimis
1550 2431 1644 2478 rictum
1656 2430 1709 2479 est.
1734 2420 1772 2478 lta
1788 2435 1840 2478 nos
1859 2422 1945 2494 magia

296 2514 407 2574 eosdem
420 2513 531 2580 colunt,
545 2521 573 2570 ct
593 2511 734 2569 christiani
755 2527 808 2568 non
822 2519 904 2577 suut,
919 2512 954 2581 ’,ει
973 2509 1098 2583 sacrilegi
1148 2528 1257 2571 ominus
1272 2527 1321 2585 pro
1333 2513 1419 2570 salute
1435 2514 1626 2585 imperatoris,
1641 2514 1675 2571 ab
1686 2529 1720 2571 eo
1730 2528 1790 2571 eam
1806 2515 1949 2585 postulan-

297 2617 388 2668 tameu
405 2608 654 2682 deprehendantur.
678 2605 799 2679 Longum
817 2614 860 2664 est
882 2606 906 2663 si
922 2614 1094 2673 retexamus,
1149 2616 1201 2675 tes,
1214 2607 1259 2679 qui
1273 2614 1401 2678 prestare
1415 2615 1514 2678 potest.
1531 2608 1566 2664 Et
1584 2608 1677 2680 utique
1689 2622 1721 2665 er
1734 2605 1874 2679 disciplina
1898 2620 1947 2677 pa·

297 2703 395 2776 quibus
417 2702 478 2760 aliis
498 2701 586 2758 modis
603 2710 632 2758 et
652 2699 827 2758 derideantur
844 2707 872 2756 et
891 2707 1099 2756 corrtemnantar
1149 2701 1252 2759 dentiae
1263 2701 1360 2758 dininas
1376 2716 1457 2775 apere
1470 2716 1531 2768 uos,
1547 2702 1616 2759 satis
1637 2700 1806 2758 maniieeturo
1821 2716 1883 2759 esse
1899 2716 1951 2759 ro-

297 2809 392 2854 emues
404 2795 452 2863 dii,
466 2795 501 2852 ab
514 2795 580 2866 ipsis
594 2794 742 2852 cultoribus
755 2793 825 2850 suis.
835 2792 997 2850 Sicetcirca
1013 2792 1099 2864 maje-
1149 2791 1300 2864 bispotest,
1311 2807 1373 2849 cum
1389 2801 1461 2849 tauta
1475 2793 1617 2850 hominum
1633 2792 1789 2860 multitudo,
1803 2807 1868 2865 pars
1881 2806 1951 2864 pene

296 2896 393 2946 starem
407 2885 581 2959 Imperatoris
603 2885 765 2943 infamamur
778 2885 835 2957 (c),
851 2893 940 2941 tameo
960 2898 1098 2957 nunquam
1133 2886 1237 2957 'major
1250 2884 1367 2942 crutaris
1388 2885 1519 2957 cujusque
1535 2885 1575 2958 (d)
1588 2928 1596 2952 ,
1611 2886 1638 2941 in
1652 2886 1761 2944 silentio
1778 2896 1806 2944 et
1818 2886 1951 2945 modestia

297 2978 426 3039 albiniani
436 2979 488 3054 (d),
503 2994 554 3038 uec
564 2977 699 3055 nigriani,
725 2977 769 3035 rel
787 2977 894 3037 cassani
912 2977 1026 3036 inveniri
1048 2992 1100 3049 po·
1150 2980 1273 3051 agimus,
1295 2977 1393 3050 singuli
1415 2977 1485 3036 lorte
1498 2978 1555 3036 noti
1568 2978 1746 3053 magisqaam
1759 2993 1877 3038 omnes:
1899 2993 1950 3041 nea

910 3091 1102 3154 laesiones
1121 3091 1327 3152 tentantes.

384 3215 509 3268 ostentari
525 3213 647 3277 ridemus,
659 3208 749 3278 cmiie.
765 3211 827 3263 lter.
1112 3207 1137 3275 c
1195 3209 1212 3258 4
1241 3207 1497 3261 lidecerantnircnmt.

329 3218 369 3409 ἓξ
382 3274 679 3332 eourremscruusmeo.
1195 3209 1222 3400 ἐξ
1237 3271 1269 3323 Et
1279 3269 1340 3323 add.
1352 3272 1429 3324 Fran
1442 3268 1530 3340 iniquit.

383 3337 586 3411 Dispoliautalii.
1240 3333 1317 3400 llaicr
1327 3332 1482 3389 adeundas.

985 3438 1266 3499 condemnamus.

336 3563 413 3622 CAP.
424 3562 597 3633 Telemus
609 3542 1099 3639 palanrueurultiscudire.llarcrerha
1148 3552 1226 3624 Quor
1246 3566 1336 3615 tamen
1352 3558 1381 3614 lu
1393 3555 1474 3631 legib.
1494 3554 1660 3616 Frontonem
1673 3569 1770 3619 terere
1781 3554 1948 3630 prohibitam

302 3649 399 3719 aperte
410 3634 648 3757 testantarlibruua
662 3631 958 3712 iurrcsuppliceurtuun
971 3629 1099 3753 trzdrtlarm
1150 3629 1368 3713 consutilem.
1688 3702 1694 3714 ι

306 3703 1098 3852 ἐει,ιεεᾶειιεεειιιιιεειι..ι.ι;
1150 3698 1955 3843 ..filimirusaasanufaaaaram

301 3850 373 3911 lette
387 3848 475 3904 lecum
490 3850 561 3902 lruue
572 3844 732 3916 detorqueat
744 3844 777 3899 ad
791 3853 926 3897 sectarum
942 3839 1098 3908 licentram,
1151 3839 1298 3897 roomo
1330 3854 1477 3912 erumpam
1493 3844 1642 3912 namhoc
1654 3856 1696 3902 est
1732 3859 1809 3902 mero
1835 3859 1906 3917 pane
1925 3852 1957 3901 et

301 3918 455 3985 annotarrda
481 3915 556 3973 uenit
575 3916 701 3999 Auctoris
717 3914 870 3998 'sententia‘
882 3910 1040 3994 earumdem
1064 3913 1099 3969 li·
1153 3928 1232 3984 aqua.
1249 3914 1295 3971 Sic
1305 3860 1465 3973 furanus:
1698 3887 1707 3915 ’

301 3990 401 4052 aerari
415 4002 526 4059 prorsus
540 3998 674 4044 contraria
689 3995 765 4042 ruratio
777 3985 925 4055 Scorpracr.
941 3984 1009 4039 Part.
1231 3984 1372 4038 observant
1384 3988 1426 4039 abi
1438 3986 1501 4040 testa
1511 4000 1583 4039 mero
1593 3989 1660 4053 pede
1672 3988 1773 4039 sabama
1781 3999 1866 4051 repes

341 4068 381 4136 lc)
395 4061 470 4119 Circa
487 4061 646 4128 sociaturos
659 4058 837 4131 imperatoris.
851 4055 890 4112 lie
903 4055 1016 4111 crimine
1031 4055 1103 4113 lesa
1153 4045 1182 4102 ld
1204 4057 1265 4117 cst,
1295 4050 1367 4105 nudo
1390 4050 1469 4121 pede.
1501 4051 1593 4122 ltaque
1619 4067 1685 4124 para
1708 4065 1800 4122 prece,
1823 4051 1874 4106 noc
1893 4056 1956 4116 esi·

303 4135 453 4208 majestatis
465 4133 526 4189 ride
539 4131 570 4189 l..
586 4133 613 4188 iu
626 4131 820 4202 quaestiuuilrus
834 4129 868 4195 1),
881 4127 914 4181 ad
932 4127 984 4196 lep.
1003 4127 1103 4184 lutiam
1154 4117 1213 4174 801³
1237 4128 1265 4174 0¹
1289 4121 1361 4177 nuda
1382 4123 1529 4186 litatione.
1557 4121 1592 4179 de
1621 4128 1713 4179 latnie
1742 4131 1834 4177 sancta
1857 4128 1886 4177 el
1909 4121 1987 4191 itt·,

303 4209 412 4279 majest.
428 4214 552 4261 ettotam
568 4202 643 4260 illum
658 4204 762 4258 titulum
775 4197 957 4256 euolueditat
970 4197 1103 4256 LaCerda
1156 4192 1276 4248 ¹¹0ctnli.
1297 4192 1452 4250 Olierelraut
1495 4202 1572 4250 entes
1591 4193 1644 4250 diis
1672 4193 1747 4249 ranis
1773 4192 1890 4248 inarrirna
1906 4201 1958 4248 aut

303 4278 337 4340 L.
353 4278 523 4343 Meminisse,
539 4277 647 4349 quaesit
664 4272 1103 4332 illalrsdoceredelsuit.l.uPo.
1156 4260 1257 4329 1111111,
1288 4265 1366 4348 1111111
1403 4209 1573 4348 surgeres.
1614 4263 1759 4322 Christiani
1793 4264 1849 4321 Deo
1887 4278 1957 4321 vtro

341 4352 401 4425 (q)
428 4347 525 4407 Tanna
550 4365 681 4421 „ququam
706 4346 860 4411 Arpiniani,
886 4359 931 4399 ,ηε
969 4342 1103 4417 Nimim,
1155 4330 1272 4389 olleruut
1284 4352 1400 4392 anrrnam
1416 4337 1585 4397 rationalem,
1598 4336 1691 4393 hadas
1705 4345 1733 4392 ct
1745 4335 1844 4406 gratim
1857 4335 1957 4391 dicea-

304 4424 433 4483 craoiuus
456 4423 589 4489 aunarius,
614 4429 644 4476 u
668 4420 762 4476 arran
788 4418 958 4490 spartianus,
972 4420 1104 4475 auresue
1156 4415 1210 4461 reu
1231 4406 1298 4462 neo.
1313 4407 1606 4480 nnurseruerpum
1623 4408 1807 4478 atteramus
1821 4406 1958 4477 regitanus

304 4497 435 4558 &seritur
450 4497 514 4567 imp.
531 4493 670 4550 rebellavit
682 4493 709 4547 in
724 4491 820 4548 Gallia.
836 4488 928 4545 llictus
940 4497 982 4543 cst
993 4488 1038 4543 die
1054 4504 1105 4545 un·
1154 4479 1200 4536 5¹1³
1220 4479 1441 4552 1110011111ῑὶ11113
1470 4478 1505 4535 ed
1534 4480 1697 4535 Antouiuum
1722 4477 1956 4542 810011110111111.

305 4570 412 4627 decimu
429 4567 489 4624 Kal.
510 4566 618 4623 llartias
628 4607 637 4632 ,
648 4563 729 4648 apud
754 4562 927 4618 Tinurtium:
942 4569 970 4616 et
987 4558 1104 4618 cadaver
1153 4554 1244 4609 citatis
1257 4552 1337 4607 eiiam
1354 4550 1430 4608 Pauli
1445 4550 1553 4614 ieritis.
1569 4551 1666 4620 quibus
1679 4550 1793 4605 hostiam
1805 4548 1957 4615 describit,

305 4653 370 4698 ante
390 4641 500 4696 domum
519 4639 654 4710 propriam
676 4650 731 4705 qam
755 4635 881 4699 divisum,
897 4632 924 4687 in
943 4630 1103 4687 lihrrdauum
1154 4631 1237 4679 θυσίιν
1260 4629 1347 4692 ζῶσιν,
1367 4628 1448 4696 aptas,
1463 4628 1585 4706 rispens
1601 4641 1636 4697 aq
1655 4631 1708 4693 drap,
1720 4631 1766 4680 sno
1778 4629 1885 4704 ‚aquas
1909 4629 1958 4677 ιι-

306 4710 418 4771 durium
431 4710 565 4779 alrjectum
578 4719 628 4767 est.
643 4708 699 4763 Nou
719 4705 843 4762 dissimili
863 4704 918 4760 latu
937 4703 1102 4761 Pescennius
1115 4675 1142 4737 Ῑ)
1155 4707 1234 4768 spiras
1250 4694 1392 4765 apanlpse
1406 4694 1589 4750 Tertullianus
1603 4695 1629 4750 iu
1645 4694 1821 4764 Apolossellco
1837 4710 1845 4747 a
1866 4689 1959 4758 Odere

307 4783 389 4856 Niger
416 4799 431 4837 a
457 4782 576 4855 Syriacis
602 4779 751 4851 legionibus
779 4779 925 4848 imperator
952 4790 966 4828 a
989 4772 1102 4845 peilatus
1152 4770 1438 4851 oriuaurdmuporcm
1452 4762 1639 4848 ιιοειίαειυεεἸ
1659 4765 1802 4838 quumipse
1813 4762 1958 4848 mauolt,

307 4865 402 4912 cantra
420 4854 569 4920 δειειιιιιι,
592 4852 698 4908 laudern
713 4848 783 4920 apud
803 4847 928 4921 Cyzicum
951 4790 987 4901 ag
1005 4847 1102 4902 cariem
1151 4848 1292 4892 arationem
1302 4839 1334 4893 de
1348 4853 1425 4893 carae
1437 4838 1541 4907 pudico,
1554 4835 1587 4890 dc
1597 4853 1683 4891 animo
1694 4838 1833 4902 innocenti,
1846 4836 1878 4889 rie
1892 4833 1959 4904 Spr-

308 4936 351 4984 est
364 4927 549 4996 iuteremptus.
565 4926 599 4979 tlt
613 4922 722 4977 Avidius
733 4919 857 4983 Cassius,
869 4934 903 4972 ex
921 4917 1019 4972 lamilia
1034 4916 1102 4972 Cus-
1150 4910 1204 4979 pitu
1222 4907 1322 4966 Sancto
1335 4913 1485 4980 profectum.
1509 4906 1544 4962 Et
1565 4907 1613 4964 lib.
1634 4906 1679 4972 tv,
1707 4920 1767 4976 cap.
1796 4908 1823 4967 1.
1845 4905 1957 4961 advers.

308 5000 410 5056 siarum
430 4998 476 5069 qui
500 4996 527 5052 in
548 4994 580 5050 C.
599 4994 700 5051 lulium
719 4992 957 5061 conspiraverant,
977 4986 1009 5044 1..
1034 4988 1104 5046 loro
1153 4980 1317 5037 llarciunem
1329 4981 1363 5035 ad
1379 4979 1442 5035 illud
1463 4977 1623 5035 Halaclrizc:
1643 4975 1759 5044 Offmtar
1778 4976 1876 5033 nomini
1899 4990 1958 5032 meo

310 5069 468 5143 insperatum
498 5065 610 5122 insidias
636 5066 753 5131 struxit,
780 5062 885 5119 accisus
911 5059 1020 5117 taudem
1048 5074 1105 5116 non
1155 5053 1371 5118 camdenianae,
1385 5050 1616 5122 sciliectsiruplex
1635 5049 1723 5105 11111111
1739 5048 1774 5105 de
1787 5046 1958 5105 consumta

311 5142 419 5198 'unerue
432 5141 488 5207 illo,
503 5138 551 5194 sed
565 5147 720 5193 tamennon
734 5130 1103 5198 vetantellincellriuiaucs,
1156 5138 1233 5194 pura.
1250 5124 1282 5179 Et
1299 5138 1359 5195 cap.
1370 5122 1398 5190 9,
1414 5123 1549 5178 hurrrinem
1568 5121 1606 5177 ait
1623 5120 1722 5177 offerre
1743 5119 1843 5176 debere
1856 5130 1959 5175 uranus

308 5158 453 5285 {lignarius
472 5220 500 5267 et
516 5208 661 5265 Cassianos
678 5215 757 5262 roeat
776 5203 955 5261 Tertullianus
978 5202 1107 5260 delectio·
1158 5196 1215 5253 lieu
1228 5196 1297 5267 apud
1316 5196 1465 5267 templum,
1486 5193 1636 5250 orationem
1653 5191 1756 5249 scilicet
1775 5200 1803 5247 et
1821 5190 1958 5245 actionem

311 5300 376 5341 nium
396 5284 507 5339 istarum
521 5281 663 5346 conscios,
677 5279 717 5334 sic
730 5279 758 5333 in
772 5276 885 5348 apolog.
902 5273 992 5341 Unde,
1007 5274 1103 5346 iuquit,
1157 5268 1303 5339 gratiaram
1316 5269 1386 5337 apud
1400 5265 1565 5332 Ecclesiam,
1585 5280 1633 5338 per
1650 5261 1827 5321 dillilsl'llll
1844 5259 1960 5318 JESU!

311 5354 411 5420 turra,
436 5364 460 5410 et
487 5351 582 5424 Nipri,
608 5362 631 5408 et
656 5349 764 5406 araim?
789 5348 858 5404 arde
883 5346 928 5418 qui
950 5348 1017 5402 iuter
1041 5346 1107 5404 daus
1157 5339 1319 5397 catholicum
1329 5336 1602 5409 Ratrissacerdotera.
1613 5333 1961 5460 llinutiusTclis,ffistea-

311 5428 400 5487 ueras
413 5426 528 5481 adsident
540 5422 688 5480 Curarem?
703 5422 790 5476 lissa.
1108 5454 1112 5459 ,
1178 5427 1238 5466 uam
1256 5412 1344 5481 dixit,
1363 5410 1468 5466 delubro
1479 5416 1503 5464 rt
1526 5425 1587 5465 aras
1609 5422 1661 5463 nan
1676 5406 1817 5475 mirmur,
1831 5420 1846 5459 a
1886 5403 1958 5465 adal:

349 5498 388 5573 (c)
404 5497 457 5555 Sed
468 5497 546 5553 iidem
555 5496 614 5567 ipsi,
629 5494 674 5566 qui
706 5493 825 5565 erqmios
836 5488 982 5546 coramlta
994 5489 1021 5545 in
1032 5488 1107 5559 dpa-
1184 5485 1276 5540 'talliis
1291 5483 1373 5539 laedo
1384 5483 1464 5537 bonus
1477 5481 1589 5547 anirum,
1603 5489 1627 5536 et
1639 5494 1704 5552 paru
1718 5493 1808 5543 meus,
1821 5486 1845 5531 et
1857 5475 1963 5531 soors

312 5571 368 5645 leg.
384 5580 465 5656 atque
481 5568 549 5625 adeo
561 5511 708 5649 umnesniifi
723 5563 776 5622 sab
788 5565 845 5635 ipsa
860 5577 945 5645 usqae
962 5562 1108 5643 impietatis
1158 5556 1293 5640 sententia.
1312 5552 1378 5611 Huc
1398 5563 1486 5638 nemra
1506 5552 1650 5623 sacrificia,
1665 5550 1720 5634 liter
1736 5548 1785 5603 liei
1798 5563 1872 5604 sacro
1884 5554 1958 5629 asart.

315 5635 1108 5783 11ιὲ111111111111111111111111111111111
1159 5620 1962 5766 latralsilmtitleamttllmmam

315 5793 404 5839 terum
418 5783 451 5838 ab
462 5786 512 5839 nae
526 5795 575 5853 per
586 5783 679 5853 genios
701 5781 836 5836 Caesarum
845 5776 982 5851 dejerandi
993 5789 1108 5835 consue·
1160 5779 1283 5827 testatur.
1299 5768 1360 5828 lira.
1858 5831 1866 5845 .
1930 5828 1939 5843 .

316 5853 420 5919 tudine,
434 5853 759 5921 rideonatumutpustea
778 5848 849 5919 apud
863 5849 1025 5904 christianus
1036 5847 1109 5917 prin·
1196 5841 1236 5915 (q)
1263 5840 1356 5898 odoris
1381 5850 1426 5898 rut
1453 5840 1584 5912 respuistis
1613 5837 1733 5910 adonias.
1760 5834 1879 5906 oppetat
1910 5830 1958 5887 dte

317 5921 392 5991 cipes
404 5935 452 5991 per
468 5921 581 5980 selueru
595 5921 665 5992 repis
675 5930 722 5979 aut
735 5919 880 5979 literarum
892 5918 951 5989 eius
963 5919 1108 5991 iuraretur.
1161 5927 1269 5989 precem
1284 5928 1379 5987 puram
1397 5911 1475 5975 odori
1493 5918 1541 5970 aut
1559 5907 1691 5983 sauram.
1705 5907 1739 5967 lit
1756 5920 1822 5967 vero
1836 5917 1887 5965 nas
1897 5901 1959 5963 liro
