<?xml version="1.0" encoding="UTF-8"?>
<!DOCTYPE html PUBLIC "-//W3C//DTD XHTML 1.0 Transitional//EN"
    "http://www.w3.org/TR/xhtml1/DTD/xhtml1-transitional.dtd">
<html xmlns="http://www.w3.org/1999/xhtml" xml:lang="en" lang="en">
 <head>
  <title>
</title>
<meta http-equiv="Content-Type" content="text/html;charset=utf-8" />
  <meta name='ocr-system' content='tesseract 3.04.00' />
  <meta name='ocr-capabilities' content='ocr_page ocr_carea ocr_par ocr_line ocrx_word'/>
</head>
<body>
  <div class='ocr_page' id='page_1' title='image "./patrologiaecurs137unkngoog_0598.png"; bbox 0 0 4242 6259; ppageno 0'>
   <div class='ocr_carea' id='block_1_1' title="bbox 250 343 1955 442">
    <p class='ocr_par' dir='ltr' id='par_1_1' title="bbox 250 343 1955 442">
     <span class='ocr_line' id='line_1_1' title="bbox 250 343 1955 442; baseline -0.023 1"><span class='ocrx_word' id='word_1_1' title='bbox 250 389 253 396; x_wconf 89' lang='lat'>&#39;</span> <span class='ocrx_word' id='word_1_2' title='bbox 302 384 371 442; x_wconf 83' lang='lat' dir='ltr'>tlul</span> <span class='ocrx_word' id='word_1_3' title='bbox 845 365 881 423; x_wconf 91' lang='lat' dir='ltr'>lN</span> <span class='ocrx_word' id='word_1_4' title='bbox 899 355 1133 422; x_wconf 76' lang='lat' dir='ltr'>renuentium</span> <span class='ocrx_word' id='word_1_5' title='bbox 1152 351 1416 412; x_wconf 77' lang='lat' dir='ltr'>tcutoauulctttt</span> <span class='ocrx_word' id='word_1_6' title='bbox 1545 351 1550 364; x_wconf 79' lang='lat'>&#39;</span> <span class='ocrx_word' id='word_1_7' title='bbox 1728 387 1732 392; x_wconf 39' lang='lat' dir='ltr'>v</span> <span class='ocrx_word' id='word_1_8' title='bbox 1883 343 1955 404; x_wconf 80' lang='lat' dir='ltr'>ltus</span> 
     </span>
    </p>
   </div>
   <div class='ocr_carea' id='block_1_2' title="bbox 300 463 1955 664">
    <p class='ocr_par' dir='ltr' id='par_1_2' title="bbox 300 463 1955 664">
     <span class='ocr_line' id='line_1_2' title="bbox 300 463 1955 571; baseline -0.021 -16"><span class='ocrx_word' id='word_1_9' title='bbox 300 499 360 566; x_wconf 76' lang='lat' dir='ltr'>tl,</span> <span class='ocrx_word' id='word_1_10' title='bbox 384 517 413 571; x_wconf 83' lang='lat' dir='ltr'>p.</span> <span class='ocrx_word' id='word_1_11' title='bbox 437 493 516 567; x_wconf 74' lang='lat'>359).</span> <span class='ocrx_word' id='word_1_12' title='bbox 529 491 559 548; x_wconf 91' lang='lat' dir='ltr'>ln</span> <span class='ocrx_word' id='word_1_13' title='bbox 574 485 738 548; x_wconf 76' lang='lat' dir='ltr'>membranis</span> <span class='ocrx_word' id='word_1_14' title='bbox 751 485 860 550; x_wconf 88' lang='lat' dir='ltr'>nosuis,</span> <span class='ocrx_word' id='word_1_15' title='bbox 870 489 897 538; x_wconf 90' lang='lat' dir='ltr'>et</span> <span class='ocrx_word' id='word_1_16' title='bbox 910 467 1244 551; x_wconf 73' lang='lat' dir='ltr'>antiquioribushantcm</span> <span class='ocrx_word' id='word_1_17' title='bbox 1265 485 1338 526; x_wconf 89' lang='lat' dir='ltr'>sanae</span> <span class='ocrx_word' id='word_1_18' title='bbox 1359 468 1456 526; x_wconf 88' lang='lat' dir='ltr'>mentis</span> <span class='ocrx_word' id='word_1_19' title='bbox 1477 468 1558 524; x_wconf 89' lang='lat' dir='ltr'>bomo</span> <span class='ocrx_word' id='word_1_20' title='bbox 1584 481 1638 522; x_wconf 84' lang='lat' dir='ltr'>nort</span> <span class='ocrx_word' id='word_1_21' title='bbox 1658 464 1751 523; x_wconf 82' lang='lat' dir='ltr'>uideat</span> <span class='ocrx_word' id='word_1_22' title='bbox 1770 464 1899 538; x_wconf 81' lang='lat' dir='ltr'>jacntam</span> <span class='ocrx_word' id='word_1_23' title='bbox 1920 463 1955 570; x_wconf 72' lang='lat' dir='ltr'>ab</span> 
     </span>
     <span class='ocr_line' id='line_1_3' title="bbox 301 559 1955 664; baseline -0.02 -17"><span class='ocrx_word' id='word_1_24' title='bbox 301 577 416 664; x_wconf 63' lang='lat' dir='ltr'>ltiga&#39;ltio</span> <span class='ocrx_word' id='word_1_25' title='bbox 437 584 617 650; x_wconf 82' lang='lat' dir='ltr'><strong>editionibus,</strong></span> <span class='ocrx_word' id='word_1_26' title='bbox 640 582 770 654; x_wconf 77' lang='lat' dir='ltr'>jactatum</span> <span class='ocrx_word' id='word_1_27' title='bbox 791 579 823 634; x_wconf 84' lang='lat' dir='ltr'>dr</span> <span class='ocrx_word' id='word_1_28' title='bbox 843 575 923 643; x_wconf 86' lang='lat' dir='ltr'>carlo,</span> <span class='ocrx_word' id='word_1_29' title='bbox 937 571 1105 630; x_wconf 74' lang='lat' dir='ltr'>hauddubie</span> <span class='ocrx_word' id='word_1_30' title='bbox 1156 563 1272 620; x_wconf 77' lang='lat' dir='ltr'>ethnicis</span> <span class='ocrx_word' id='word_1_31' title='bbox 1295 563 1392 620; x_wconf 91' lang='lat' dir='ltr'>horum</span> <span class='ocrx_word' id='word_1_32' title='bbox 1413 562 1553 618; x_wconf 91' lang='lat' dir='ltr'>numinum</span> <span class='ocrx_word' id='word_1_33' title='bbox 1578 559 1744 628; x_wconf 84' lang='lat' dir='ltr'>diuinitatem</span> <span class='ocrx_word' id='word_1_34' title='bbox 1770 559 1853 632; x_wconf 87' lang='lat' dir='ltr'>plane</span> <span class='ocrx_word' id='word_1_35' title='bbox 1877 574 1955 629; x_wconf 87' lang='lat' dir='ltr'>pens·</span> 
     </span>
    </p>
   </div>
   <div class='ocr_carea' id='block_1_3' title="bbox 300 651 1960 1121">
    <p class='ocr_par' dir='ltr' id='par_1_3' title="bbox 300 651 1960 1121">
     <span class='ocr_line' id='line_1_4' title="bbox 301 651 1956 747; baseline -0.02 -7"><span class='ocrx_word' id='word_1_36' title='bbox 301 683 488 740; x_wconf 86' lang='lat' dir='ltr'>Phaetonteur,</span> <span class='ocrx_word' id='word_1_37' title='bbox 502 675 582 747; x_wconf 78' lang='lat' dir='ltr'>cuijus</span> <span class='ocrx_word' id='word_1_38' title='bbox 602 683 665 731; x_wconf 89' lang='lat' dir='ltr'>nota</span> <span class='ocrx_word' id='word_1_39' title='bbox 684 681 726 729; x_wconf 92' lang='lat' dir='ltr'>est</span> <span class='ocrx_word' id='word_1_40' title='bbox 749 670 847 727; x_wconf 87' lang='lat' dir='ltr'>labnla.</span> <span class='ocrx_word' id='word_1_41' title='bbox 859 661 888 722; x_wconf 87' lang='lat' dir='ltr'>ln</span> <span class='ocrx_word' id='word_1_42' title='bbox 904 666 990 737; x_wconf 89' lang='lat' dir='ltr'>primo</span> <span class='ocrx_word' id='word_1_43' title='bbox 1005 661 1104 718; x_wconf 89' lang='lat' dir='ltr'>nihilo·</span> <span class='ocrx_word' id='word_1_44' title='bbox 1157 657 1349 728; x_wconf 83' lang='lat' dir='ltr'>susqueererst</span> <span class='ocrx_word' id='word_1_45' title='bbox 1365 655 1407 711; x_wconf 88' lang='lat' dir='ltr'>bis</span> <span class='ocrx_word' id='word_1_46' title='bbox 1419 655 1577 711; x_wconf 77' lang='lat' dir='ltr'><strong>histrionum</strong></span> <span class='ocrx_word' id='word_1_47' title='bbox 1593 652 1706 721; x_wconf 87' lang='lat' dir='ltr'>actibus,</span> <span class='ocrx_word' id='word_1_48' title='bbox 1719 651 1767 707; x_wconf 88' lang='lat' dir='ltr'>illo</span> <span class='ocrx_word' id='word_1_49' title='bbox 1778 651 1956 724; x_wconf 68' lang='lat' dir='ltr'>spectantium</span> 
     </span>
     <span class='ocr_line' id='line_1_5' title="bbox 300 746 1958 835; baseline -0.017 -6"><span class='ocrx_word' id='word_1_50' title='bbox 300 770 437 829; x_wconf 85' lang='lat' dir='ltr'>minusad</span> <span class='ocrx_word' id='word_1_51' title='bbox 451 765 584 824; x_wconf 74' lang='lat' dir='ltr'>Nationes</span> <span class='ocrx_word' id='word_1_52' title='bbox 595 761 666 821; x_wconf 89' lang='lat' dir='ltr'>libro</span> <span class='ocrx_word' id='word_1_53' title='bbox 676 762 805 835; x_wconf 64' lang='lat' dir='ltr'>lemnius:</span> <span class='ocrx_word' id='word_1_54' title='bbox 818 758 940 829; x_wconf 76' lang='lat' dir='ltr'>Sollupet</span> <span class='ocrx_word' id='word_1_55' title='bbox 955 754 1038 825; x_wconf 71' lang='lat' dir='ltr'>filium</span> <span class='ocrx_word' id='word_1_56' title='bbox 1050 751 1104 824; x_wconf 76' lang='lat' dir='ltr'>ful·</span> <span class='ocrx_word' id='word_1_57' title='bbox 1159 751 1254 823; x_wconf 90' lang='lat' dir='ltr'>plausu</span> <span class='ocrx_word' id='word_1_58' title='bbox 1268 765 1300 806; x_wconf 89' lang='lat' dir='ltr'>ac</span> <span class='ocrx_word' id='word_1_59' title='bbox 1313 749 1428 822; x_wconf 80' lang='lat' dir='ltr'>gaudio,</span> <span class='ocrx_word' id='word_1_60' title='bbox 1443 747 1621 819; x_wconf 77' lang='lat' dir='ltr'>orantibusque</span> <span class='ocrx_word' id='word_1_61' title='bbox 1635 746 1689 804; x_wconf 91' lang='lat' dir='ltr'>illis</span> <span class='ocrx_word' id='word_1_62' title='bbox 1702 746 1841 818; x_wconf 76' lang='lat' dir='ltr'>tragoediis</span> <span class='ocrx_word' id='word_1_63' title='bbox 1861 754 1889 801; x_wconf 89' lang='lat' dir='ltr'>et</span> <span class='ocrx_word' id='word_1_64' title='bbox 1909 759 1958 801; x_wconf 90' lang='lat' dir='ltr'>ro·</span> 
     </span>
     <span class='ocr_line' id='line_1_6' title="bbox 300 837 1960 932; baseline -0.017 -10"><span class='ocrx_word' id='word_1_65' title='bbox 300 869 369 922; x_wconf 82' lang='lat' dir='ltr'>naisso</span> <span class='ocrx_word' id='word_1_66' title='bbox 378 864 516 920; x_wconf 74' lang='lat' dir='ltr'>extinctum</span> <span class='ocrx_word' id='word_1_67' title='bbox 535 858 634 932; x_wconf 84' lang='lat' dir='ltr'>(idem,</span> <span class='ocrx_word' id='word_1_68' title='bbox 650 858 694 912; x_wconf 88' lang='lat' dir='ltr'>lib.</span> <span class='ocrx_word' id='word_1_69' title='bbox 705 853 718 910; x_wconf 92' lang='lat' dir='ltr'>l</span> <span class='ocrx_word' id='word_1_70' title='bbox 728 854 762 910; x_wconf 90' lang='lat' dir='ltr'>ad</span> <span class='ocrx_word' id='word_1_71' title='bbox 773 851 926 915; x_wconf 87' lang='lat' dir='ltr'>Narion.,c.</span> <span class='ocrx_word' id='word_1_72' title='bbox 941 847 976 913; x_wconf 78' lang='lat' dir='ltr'>N,</span> <span class='ocrx_word' id='word_1_73' title='bbox 989 865 1016 920; x_wconf 84' lang='grc' dir='ltr'>ρ.</span> <span class='ocrx_word' id='word_1_74' title='bbox 1028 842 1104 915; x_wconf 81' lang='grc'><strong>576).</strong></span> <span class='ocrx_word' id='word_1_75' title='bbox 1160 841 1276 909; x_wconf 86' lang='lat' dir='ltr'>moediis,</span> <span class='ocrx_word' id='word_1_76' title='bbox 1289 842 1324 898; x_wconf 92' lang='lat' dir='ltr'>de</span> <span class='ocrx_word' id='word_1_77' title='bbox 1338 841 1436 913; x_wconf 82' lang='lat' dir='ltr'>quibus</span> <span class='ocrx_word' id='word_1_78' title='bbox 1451 841 1527 913; x_wconf 89' lang='lat' dir='ltr'>plura</span> <span class='ocrx_word' id='word_1_79' title='bbox 1542 838 1714 911; x_wconf 89' lang='lat' dir='ltr'>insuperiori</span> <span class='ocrx_word' id='word_1_80' title='bbox 1728 837 1919 893; x_wconf 75' lang='lat' dir='ltr'>dissertatione</span> <span class='ocrx_word' id='word_1_81' title='bbox 1931 847 1960 893; x_wconf 92' lang='lat' dir='ltr'>et</span> 
     </span>
     <span class='ocr_line' id='line_1_7' title="bbox 301 929 1960 1028; baseline -0.017 -15"><span class='ocrx_word' id='word_1_82' title='bbox 301 956 380 1028; x_wconf 77' lang='lat' dir='ltr'>Quod</span> <span class='ocrx_word' id='word_1_83' title='bbox 399 954 506 1027; x_wconf 86' lang='lat' dir='ltr'>quidem</span> <span class='ocrx_word' id='word_1_84' title='bbox 520 949 677 1021; x_wconf 84' lang='lat' dir='ltr'>AEsrulapio</span> <span class='ocrx_word' id='word_1_85' title='bbox 688 945 825 1008; x_wconf 87' lang='lat' dir='ltr'>conuenit,</span> <span class='ocrx_word' id='word_1_86' title='bbox 838 938 1065 1013; x_wconf 86' lang='lat' dir='ltr'>quemadmodum</span> <span class='ocrx_word' id='word_1_87' title='bbox 1078 934 1106 990; x_wconf 92' lang='lat' dir='ltr'>iu</span> <span class='ocrx_word' id='word_1_88' title='bbox 1158 936 1219 991; x_wconf 87' lang='lat' dir='ltr'>aliis</span> <span class='ocrx_word' id='word_1_89' title='bbox 1232 935 1299 990; x_wconf 87' lang='lat' dir='ltr'>locis</span> <span class='ocrx_word' id='word_1_90' title='bbox 1315 935 1350 990; x_wconf 90' lang='lat' dir='ltr'>ibi</span> <span class='ocrx_word' id='word_1_91' title='bbox 1364 933 1455 990; x_wconf 87' lang='lat' dir='ltr'>citatis</span> <span class='ocrx_word' id='word_1_92' title='bbox 1465 933 1661 1005; x_wconf 77' lang='lat' dir='ltr'>disputavimus</span> <span class='ocrx_word' id='word_1_93' title='bbox 1673 930 1683 1004; x_wconf 90' lang='lat'><strong>(</strong></span> <span class='ocrx_word' id='word_1_94' title='bbox 1695 930 1830 987; x_wconf 84' lang='lat' dir='ltr'>llissertm.</span> <span class='ocrx_word' id='word_1_95' title='bbox 1845 931 1873 986; x_wconf 88' lang='lat' dir='ltr'>io</span> <span class='ocrx_word' id='word_1_96' title='bbox 1892 929 1960 985; x_wconf 81' lang='lat' dir='ltr'>Las·</span> 
     </span>
     <span class='ocr_line' id='line_1_8' title="bbox 301 1025 1571 1121; baseline -0.021 -14"><span class='ocrx_word' id='word_1_97' title='bbox 301 1043 441 1121; x_wconf 87' lang='lat' dir='ltr'>superiore</span> <span class='ocrx_word' id='word_1_98' title='bbox 465 1029 579 1102; x_wconf 80' lang='lat' dir='ltr'>artienia</span> <span class='ocrx_word' id='word_1_99' title='bbox 604 1039 803 1098; x_wconf 82' lang='lat' dir='ltr'>annotavimus.</span> <span class='ocrx_word' id='word_1_100' title='bbox 829 1034 1019 1090; x_wconf 75' lang='lat' dir='ltr'>Verumtamen</span> <span class='ocrx_word' id='word_1_101' title='bbox 1043 1027 1106 1100; x_wconf 85' lang='lat' dir='ltr'>qnia</span> <span class='ocrx_word' id='word_1_102' title='bbox 1160 1037 1236 1096; x_wconf 75' lang='lat' dir='ltr'>lanu,</span> <span class='ocrx_word' id='word_1_103' title='bbox 1250 1045 1310 1098; x_wconf 85' lang='lat' dir='ltr'>cap.</span> <span class='ocrx_word' id='word_1_104' title='bbox 1326 1025 1571 1098; x_wconf 60' lang='lat' dir='ltr'>xxtnmnxstl</span> 
     </span>
    </p>
   </div>
   <div class='ocr_carea' id='block_1_4' title="bbox 302 1120 1965 1393">
    <p class='ocr_par' dir='ltr' id='par_1_4' title="bbox 302 1120 1965 1393">
     <span class='ocr_line' id='line_1_9' title="bbox 302 1120 1669 1201; baseline -0.026 0"><span class='ocrx_word' id='word_1_105' title='bbox 302 1144 402 1201; x_wconf 84' lang='lat' dir='ltr'>ibidem</span> <span class='ocrx_word' id='word_1_106' title='bbox 423 1141 541 1196; x_wconf 82' lang='lat' dir='ltr'>uidimus</span> <span class='ocrx_word' id='word_1_107' title='bbox 554 1138 717 1193; x_wconf 77' lang='lat' dir='ltr'>mentionem</span> <span class='ocrx_word' id='word_1_108' title='bbox 734 1132 813 1201; x_wconf 86' lang='lat' dir='ltr'>hujus</span> <span class='ocrx_word' id='word_1_109' title='bbox 827 1130 853 1184; x_wconf 91' lang='lat' dir='ltr'>in</span> <span class='ocrx_word' id='word_1_110' title='bbox 867 1123 1041 1197; x_wconf 75' lang='lat' dir='ltr'>Apologetico</span> <span class='ocrx_word' id='word_1_111' title='bbox 1056 1120 1107 1177; x_wconf 85' lang='lat' dir='ltr'>iac·</span> <span class='ocrx_word' id='word_1_112' title='bbox 1455 1132 1603 1176; x_wconf 69' lang='lat' dir='ltr'>narremus</span> <span class='ocrx_word' id='word_1_113' title='bbox 1630 1133 1669 1173; x_wconf 92' lang='lat' dir='ltr'>m.</span> 
     </span>
     <span class='ocr_line' id='line_1_10' title="bbox 302 1209 1962 1305; baseline -0.019 -10"><span class='ocrx_word' id='word_1_114' title='bbox 302 1248 369 1305; x_wconf 68' lang='lat' dir='ltr'>um,</span> <span class='ocrx_word' id='word_1_115' title='bbox 381 1235 444 1291; x_wconf 91' lang='lat' dir='ltr'>iude</span> <span class='ocrx_word' id='word_1_116' title='bbox 458 1234 546 1304; x_wconf 69' lang='lat' dir='ltr'>collini</span> <span class='ocrx_word' id='word_1_117' title='bbox 562 1239 650 1301; x_wconf 86' lang='lat' dir='ltr'>polest</span> <span class='ocrx_word' id='word_1_118' title='bbox 661 1228 697 1285; x_wconf 90' lang='lat' dir='ltr'>ibi</span> <span class='ocrx_word' id='word_1_119' title='bbox 708 1225 896 1288; x_wconf 84' lang='lat' dir='ltr'>Phaetontem,</span> <span class='ocrx_word' id='word_1_120' title='bbox 908 1229 937 1275; x_wconf 88' lang='lat' dir='ltr'>et</span> <span class='ocrx_word' id='word_1_121' title='bbox 951 1219 978 1274; x_wconf 92' lang='lat' dir='ltr'>iu</span> <span class='ocrx_word' id='word_1_122' title='bbox 993 1216 1062 1273; x_wconf 87' lang='lat' dir='ltr'>libro</span> <span class='ocrx_word' id='word_1_123' title='bbox 1074 1213 1107 1269; x_wconf 85' lang='lat' dir='ltr'>ud</span> <span class='ocrx_word' id='word_1_124' title='bbox 1163 1212 1294 1281; x_wconf 83' lang='lat' dir='ltr'>Quantum</span> <span class='ocrx_word' id='word_1_125' title='bbox 1315 1212 1439 1283; x_wconf 73' lang='lat' dir='ltr'>censiles,</span> <span class='ocrx_word' id='word_1_126' title='bbox 1457 1227 1590 1284; x_wconf 74' lang='lat' dir='ltr'>pascuam</span> <span class='ocrx_word' id='word_1_127' title='bbox 1613 1210 1716 1265; x_wconf 78' lang='lat' dir='ltr'>deorsum</span> <span class='ocrx_word' id='word_1_128' title='bbox 1730 1209 1757 1264; x_wconf 86' lang='lat' dir='ltr'>s‘n</span> <span class='ocrx_word' id='word_1_129' title='bbox 1769 1225 1841 1264; x_wconf 80' lang='lat' dir='ltr'>cauea</span> <span class='ocrx_word' id='word_1_130' title='bbox 1856 1209 1944 1264; x_wconf 86' lang='lat' dir='ltr'>induti</span> <span class='ocrx_word' id='word_1_131' title='bbox 1953 1251 1962 1279; x_wconf 92' lang='lat'>,</span> 
     </span>
     <span class='ocr_line' id='line_1_11' title="bbox 302 1301 1965 1393; baseline -0.018 -4"><span class='ocrx_word' id='word_1_132' title='bbox 302 1330 432 1388; x_wconf 76' lang='lat' dir='ltr'>Nationes</span> <span class='ocrx_word' id='word_1_133' title='bbox 446 1324 634 1393; x_wconf 83' lang='lat' dir='ltr'>AEsonlapinm</span> <span class='ocrx_word' id='word_1_134' title='bbox 654 1318 750 1376; x_wconf 90' lang='lat' dir='ltr'>notari.</span> <span class='ocrx_word' id='word_1_135' title='bbox 1201 1305 1359 1361; x_wconf 84' lang='lat' dir='ltr'>diuinitatem</span> <span class='ocrx_word' id='word_1_136' title='bbox 1381 1301 1485 1360; x_wconf 87' lang='lat' dir='ltr'>illorum</span> <span class='ocrx_word' id='word_1_137' title='bbox 1509 1303 1742 1376; x_wconf 82' lang='lat' dir='ltr'>pessumdederint,</span> <span class='ocrx_word' id='word_1_138' title='bbox 1754 1312 1965 1373; x_wconf 76' lang='lat' dir='ltr'>repnsmraoses</span> 
     </span>
    </p>
   </div>
   <div class='ocr_carea' id='block_1_5' title="bbox 305 1391 1973 3517">
    <p class='ocr_par' dir='ltr' id='par_1_5' title="bbox 305 1391 1973 2410">
     <span class='ocr_line' id='line_1_12' title="bbox 340 1391 1968 1484; baseline -0.015 -7"><span class='ocrx_word' id='word_1_139' title='bbox 340 1424 383 1479; x_wconf 93' lang='lat' dir='ltr'>Ab</span> <span class='ocrx_word' id='word_1_140' title='bbox 397 1409 869 1484; x_wconf 76' lang='lat' dir='ltr'>uiiulmeaduncrepresentatum</span> <span class='ocrx_word' id='word_1_141' title='bbox 878 1403 971 1477; x_wconf 75' lang='lat' dir='ltr'>colere</span> <span class='ocrx_word' id='word_1_142' title='bbox 982 1410 1108 1476; x_wconf 72' lang='lat' dir='ltr'>pastarm</span> <span class='ocrx_word' id='word_1_143' title='bbox 1197 1405 1335 1478; x_wconf 82' lang='lat' dir='ltr'>castratum</span> <span class='ocrx_word' id='word_1_144' title='bbox 1347 1397 1439 1470; x_wconf 77' lang='lat' dir='ltr'>Atym,</span> <span class='ocrx_word' id='word_1_145' title='bbox 1456 1397 1494 1452; x_wconf 89' lang='lat' dir='ltr'>uel</span> <span class='ocrx_word' id='word_1_146' title='bbox 1514 1395 1654 1452; x_wconf 76' lang='lat' dir='ltr'>Herculem</span> <span class='ocrx_word' id='word_1_147' title='bbox 1667 1395 1911 1468; x_wconf 82' lang='lat' dir='ltr'>uiuumardentem,</span> <span class='ocrx_word' id='word_1_148' title='bbox 1926 1391 1968 1453; x_wconf 79' lang='lat' dir='ltr'>ue&#39;l</span> 
     </span>
     <span class='ocr_line' id='line_1_13' title="bbox 305 1485 1968 1588; baseline -0.017 -16"><span class='ocrx_word' id='word_1_149' title='bbox 305 1516 440 1588; x_wconf 78' lang='lat' dir='ltr'>suspirem</span> <span class='ocrx_word' id='word_1_150' title='bbox 462 1511 638 1581; x_wconf 70' lang='lat' dir='ltr'>inuidiosum,</span> <span class='ocrx_word' id='word_1_151' title='bbox 654 1505 758 1561; x_wconf 87' lang='lat' dir='ltr'>scilicet</span> <span class='ocrx_word' id='word_1_152' title='bbox 779 1499 904 1572; x_wconf 80' lang='lat' dir='ltr'>dtydem.</span> <span class='ocrx_word' id='word_1_153' title='bbox 927 1495 1013 1565; x_wconf 84' lang='lat' dir='ltr'>Quam</span> <span class='ocrx_word' id='word_1_154' title='bbox 1034 1491 1109 1547; x_wconf 88' lang='lat' dir='ltr'>iabu·</span> <span class='ocrx_word' id='word_1_155' title='bbox 1198 1488 1355 1544; x_wconf 73' lang='lat' dir='ltr'>Notarium</span> <span class='ocrx_word' id='word_1_156' title='bbox 1369 1488 1481 1543; x_wconf 89' lang='lat' dir='ltr'>cauterio</span> <span class='ocrx_word' id='word_1_157' title='bbox 1495 1496 1607 1543; x_wconf 87' lang='lat' dir='ltr'>mortuos</span> <span class='ocrx_word' id='word_1_158' title='bbox 1624 1488 1829 1554; x_wconf 71' lang='lat' dir='ltr'>examinantem,</span> <span class='ocrx_word' id='word_1_159' title='bbox 1843 1486 1882 1541; x_wconf 85' lang='lat' dir='ltr'>aei</span> <span class='ocrx_word' id='word_1_160' title='bbox 1894 1485 1968 1544; x_wconf 78' lang='lat' dir='ltr'>batis</span> 
     </span>
     <span class='ocr_line' id='line_1_14' title="bbox 305 1578 1965 1672; baseline -0.019 -8"><span class='ocrx_word' id='word_1_161' title='bbox 305 1610 360 1666; x_wconf 89' lang='lat' dir='ltr'>laus</span> <span class='ocrx_word' id='word_1_162' title='bbox 373 1606 534 1672; x_wconf 79' lang='lat' dir='ltr'>descriptam</span> <span class='ocrx_word' id='word_1_163' title='bbox 550 1599 672 1655; x_wconf 81' lang='lat' dir='ltr'>&#39;uidimus</span> <span class='ocrx_word' id='word_1_164' title='bbox 694 1611 710 1650; x_wconf 86' lang='lat' dir='ltr'>a</span> <span class='ocrx_word' id='word_1_165' title='bbox 733 1591 845 1649; x_wconf 88' lang='lat' dir='ltr'>Ninulio</span> <span class='ocrx_word' id='word_1_166' title='bbox 855 1587 945 1645; x_wconf 80' lang='lat' dir='ltr'>Felice</span> <span class='ocrx_word' id='word_1_167' title='bbox 961 1583 1109 1657; x_wconf 73' lang='lat' dir='ltr'>(Dissutat.</span> <span class='ocrx_word' id='word_1_168' title='bbox 1199 1583 1304 1654; x_wconf 70' lang='lat' dir='ltr'>fratrem</span> <span class='ocrx_word' id='word_1_169' title='bbox 1323 1580 1447 1635; x_wconf 87' lang='lat' dir='ltr'>cadauera</span> <span class='ocrx_word' id='word_1_170' title='bbox 1466 1580 1640 1652; x_wconf 63' lang='lat' dir='ltr'>gladiatorum</span> <span class='ocrx_word' id='word_1_171' title='bbox 1652 1595 1710 1633; x_wconf 85' lang='lat' dir='ltr'>sum</span> <span class='ocrx_word' id='word_1_172' title='bbox 1730 1579 1823 1633; x_wconf 86' lang='lat' dir='ltr'>malleo</span> <span class='ocrx_word' id='word_1_173' title='bbox 1836 1578 1965 1633; x_wconf 80' lang='lat' dir='ltr'>deducen-</span> 
     </span>
     <span class='ocr_line' id='line_1_15' title="bbox 305 1667 1970 1759; baseline -0.02 -5"><span class='ocrx_word' id='word_1_174' title='bbox 305 1706 334 1754; x_wconf 84' lang='grc' dir='ltr'>ιιι</span> <span class='ocrx_word' id='word_1_175' title='bbox 347 1696 442 1752; x_wconf 74' lang='lat' dir='ltr'>idiunt.</span> <span class='ocrx_word' id='word_1_176' title='bbox 460 1692 562 1757; x_wconf 76' lang='lat' dir='ltr'>aaran,</span> <span class='ocrx_word' id='word_1_177' title='bbox 581 1706 640 1759; x_wconf 77' lang='lat' dir='ltr'>sap.</span> <span class='ocrx_word' id='word_1_178' title='bbox 654 1685 713 1755; x_wconf 79' lang='lat' dir='ltr'>tx,</span> <span class='ocrx_word' id='word_1_179' title='bbox 728 1693 777 1738; x_wconf 89' lang='lat' dir='ltr'>art.</span> <span class='ocrx_word' id='word_1_180' title='bbox 789 1682 818 1748; x_wconf 68' lang='grc' dir='ltr'>Ξ,</span> <span class='ocrx_word' id='word_1_181' title='bbox 829 1691 853 1736; x_wconf 89' lang='lat' dir='ltr'>et</span> <span class='ocrx_word' id='word_1_182' title='bbox 868 1678 1005 1735; x_wconf 69' lang='lat' dir='ltr'>itinerum,</span> <span class='ocrx_word' id='word_1_183' title='bbox 1018 1675 1046 1729; x_wconf 88' lang='lat' dir='ltr'>s&#39;u</span> <span class='ocrx_word' id='word_1_184' title='bbox 1058 1673 1110 1728; x_wconf 78' lang='lat' dir='ltr'>Ar·</span> <span class='ocrx_word' id='word_1_185' title='bbox 1201 1681 1261 1737; x_wconf 86' lang='lat' dir='ltr'>lem,</span> <span class='ocrx_word' id='word_1_186' title='bbox 1275 1670 1405 1743; x_wconf 80' lang='lat' dir='ltr'>aiiioues&#39;u</span> <span class='ocrx_word' id='word_1_187' title='bbox 1419 1671 1520 1741; x_wconf 86' lang='lat' dir='ltr'>tesrsplis</span> <span class='ocrx_word' id='word_1_188' title='bbox 1535 1669 1662 1724; x_wconf 87' lang='lat' dir='ltr'>adulteria</span> <span class='ocrx_word' id='word_1_189' title='bbox 1677 1679 1700 1723; x_wconf 84' lang='lat' dir='ltr'>et</span> <span class='ocrx_word' id='word_1_190' title='bbox 1716 1667 1845 1724; x_wconf 82' lang='lat' dir='ltr'>lenocinio</span> <span class='ocrx_word' id='word_1_191' title='bbox 1861 1667 1970 1740; x_wconf 77' lang='lat' dir='ltr'>eonspe-</span> 
     </span>
     <span class='ocr_line' id='line_1_16' title="bbox 306 1759 1878 1858; baseline -0.021 -10"><span class='ocrx_word' id='word_1_192' title='bbox 306 1790 380 1857; x_wconf 86' lang='lat' dir='ltr'>nab,</span> <span class='ocrx_word' id='word_1_193' title='bbox 391 1805 451 1858; x_wconf 76' lang='lat' dir='ltr'>sap.</span> <span class='ocrx_word' id='word_1_194' title='bbox 466 1786 517 1851; x_wconf 65' lang='lat' dir='ltr'>ib,</span> <span class='ocrx_word' id='word_1_195' title='bbox 534 1793 586 1839; x_wconf 87' lang='lat' dir='ltr'>art.</span> <span class='ocrx_word' id='word_1_196' title='bbox 602 1784 615 1838; x_wconf 88' lang='lat' dir='ltr'>t</span> <span class='ocrx_word' id='word_1_197' title='bbox 630 1783 657 1853; x_wconf 89' lang='lat'>),</span> <span class='ocrx_word' id='word_1_198' title='bbox 672 1788 701 1834; x_wconf 87' lang='lat' dir='ltr'>et</span> <span class='ocrx_word' id='word_1_199' title='bbox 723 1776 757 1833; x_wconf 86' lang='lat' dir='ltr'>ab</span> <span class='ocrx_word' id='word_1_200' title='bbox 781 1774 919 1839; x_wconf 84' lang='lat' dir='ltr'>Arnohio,</span> <span class='ocrx_word' id='word_1_201' title='bbox 940 1771 986 1843; x_wconf 81' lang='lat' dir='ltr'>qrri</span> <span class='ocrx_word' id='word_1_202' title='bbox 1010 1768 1111 1825; x_wconf 85' lang='lat' dir='ltr'>ideireo</span> <span class='ocrx_word' id='word_1_203' title='bbox 1200 1767 1299 1829; x_wconf 80' lang='lat' dir='ltr'>ruentes,</span> <span class='ocrx_word' id='word_1_204' title='bbox 1314 1761 1404 1831; x_wconf 84' lang='lat' dir='ltr'>quibus</span> <span class='ocrx_word' id='word_1_205' title='bbox 1419 1763 1524 1818; x_wconf 85' lang='lat' dir='ltr'>deorum</span> <span class='ocrx_word' id='word_1_206' title='bbox 1540 1763 1698 1830; x_wconf 76' lang='lat' dir='ltr'>rarrrjeslatem</span> <span class='ocrx_word' id='word_1_207' title='bbox 1711 1759 1878 1817; x_wconf 87' lang='lat' dir='ltr'>obsoletant.</span> 
     </span>
     <span class='ocr_line' id='line_1_17' title="bbox 310 1851 1972 1945; baseline -0.014 -8"><span class='ocrx_word' id='word_1_208' title='bbox 310 1880 434 1939; x_wconf 80' lang='lat' dir='ltr'>ethrrieos</span> <span class='ocrx_word' id='word_1_209' title='bbox 447 1878 486 1933; x_wconf 87' lang='lat' dir='ltr'>sic</span> <span class='ocrx_word' id='word_1_210' title='bbox 495 1866 1008 1945; x_wconf 64' lang='lat' dir='ltr'>manitas:Tranquillior,lmiarmaser</span> <span class='ocrx_word' id='word_1_211' title='bbox 1017 1874 1152 1944; x_wconf 64' lang='lat' dir='ltr'>maonass</span> <span class='ocrx_word' id='word_1_212' title='bbox 1203 1855 1244 1912; x_wconf 87' lang='lat' dir='ltr'>Ab</span> <span class='ocrx_word' id='word_1_213' title='bbox 1265 1855 1427 1911; x_wconf 81' lang='lat' dir='ltr'>histrionum</span> <span class='ocrx_word' id='word_1_214' title='bbox 1443 1851 1547 1912; x_wconf 87' lang='lat' dir='ltr'>theatro</span> <span class='ocrx_word' id='word_1_215' title='bbox 1564 1854 1703 1912; x_wconf 88' lang='lat' dir='ltr'>deseendit</span> <span class='ocrx_word' id='word_1_216' title='bbox 1737 1854 1920 1912; x_wconf 79' lang='lat' dir='ltr'>Tertullianus</span> <span class='ocrx_word' id='word_1_217' title='bbox 1945 1858 1972 1913; x_wconf 83' lang='lat' dir='ltr'>iu</span> 
     </span>
     <span class='ocr_line' id='line_1_18' title="bbox 313 1943 1972 2044; baseline -0.011 -17"><span class='ocrx_word' id='word_1_218' title='bbox 313 1974 434 2044; x_wconf 67' lang='lat' dir='ltr'>efficitur,</span> <span class='ocrx_word' id='word_1_219' title='bbox 460 1970 482 2025; x_wconf 86' lang='lat' dir='ltr'>si</span> <span class='ocrx_word' id='word_1_220' title='bbox 504 1967 596 2039; x_wconf 70' lang='lat' dir='ltr'>arom</span> <span class='ocrx_word' id='word_1_221' title='bbox 620 1963 778 2036; x_wconf 75' lang='lat' dir='ltr'>compererit</span> <span class='ocrx_word' id='word_1_222' title='bbox 804 1959 915 2032; x_wconf 79' lang='lat' dir='ltr'>priscam</span> <span class='ocrx_word' id='word_1_223' title='bbox 939 1953 1058 2026; x_wconf 71' lang='lat' dir='ltr'>refricari</span> <span class='ocrx_word' id='word_1_224' title='bbox 1082 1951 1114 2004; x_wconf 89' lang='lat' dir='ltr'>ab</span> <span class='ocrx_word' id='word_1_225' title='bbox 1171 1966 1283 2016; x_wconf 84' lang='lat' dir='ltr'>causam,</span> <span class='ocrx_word' id='word_1_226' title='bbox 1294 1960 1323 2005; x_wconf 91' lang='lat' dir='ltr'>ut</span> <span class='ocrx_word' id='word_1_227' title='bbox 1338 1951 1395 2021; x_wconf 89' lang='lat' dir='ltr'>ipsc</span> <span class='ocrx_word' id='word_1_228' title='bbox 1407 1950 1535 2023; x_wconf 83' lang='lat' dir='ltr'>loquitur,</span> <span class='ocrx_word' id='word_1_229' title='bbox 1552 1965 1601 2007; x_wconf 87' lang='lat' dir='ltr'>nec</span> <span class='ocrx_word' id='word_1_230' title='bbox 1613 1943 1735 2007; x_wconf 86' lang='lat' dir='ltr'>ethnicos</span> <span class='ocrx_word' id='word_1_231' title='bbox 1749 1950 1784 2005; x_wconf 90' lang='lat' dir='ltr'>ibi</span> <span class='ocrx_word' id='word_1_232' title='bbox 1797 1951 1972 2022; x_wconf 78' lang='lat' dir='ltr'>relipiosiores</span> 
     </span>
     <span class='ocr_line' id='line_1_19' title="bbox 313 2035 1970 2131; baseline -0.015 -12"><span class='ocrx_word' id='word_1_233' title='bbox 313 2060 479 2119; x_wconf 75' lang='lat' dir='ltr'>histrionibus</span> <span class='ocrx_word' id='word_1_234' title='bbox 501 2059 616 2131; x_wconf 71' lang='lat' dir='ltr'>fabrslasn</span> <span class='ocrx_word' id='word_1_235' title='bbox 629 2053 750 2124; x_wconf 80' lang='lat' dir='ltr'>(druch,</span> <span class='ocrx_word' id='word_1_236' title='bbox 761 2051 806 2107; x_wconf 85' lang='lat' dir='ltr'>lib.</span> <span class='ocrx_word' id='word_1_237' title='bbox 822 2047 880 2114; x_wconf 84' lang='lat' dir='ltr'>ttl,</span> <span class='ocrx_word' id='word_1_238' title='bbox 896 2045 996 2100; x_wconf 80' lang='lat' dir='ltr'>advers.</span> <span class='ocrx_word' id='word_1_239' title='bbox 1011 2041 1114 2112; x_wconf 60' lang='lat' dir='ltr'>beraldi</span> <span class='ocrx_word' id='word_1_240' title='bbox 1166 2043 1267 2100; x_wconf 84' lang='lat' dir='ltr'>invenit</span> <span class='ocrx_word' id='word_1_241' title='bbox 1280 2035 1452 2117; x_wconf 77' lang='lat' dir='ltr'>(Tertulliaa.</span> <span class='ocrx_word' id='word_1_242' title='bbox 1465 2045 1609 2117; x_wconf 67' lang='lat' dir='ltr'>Apolopet,</span> <span class='ocrx_word' id='word_1_243' title='bbox 1629 2061 1653 2101; x_wconf 86' lang='lat' dir='ltr'>s.</span> <span class='ocrx_word' id='word_1_244' title='bbox 1671 2044 1720 2110; x_wconf 84' lang='lat' dir='ltr'>t5,</span> <span class='ocrx_word' id='word_1_245' title='bbox 1733 2062 1761 2115; x_wconf 87' lang='lat' dir='ltr'>p.</span> <span class='ocrx_word' id='word_1_246' title='bbox 1776 2044 1841 2114; x_wconf 76' lang='lat' dir='ltr'>litt,</span> <span class='ocrx_word' id='word_1_247' title='bbox 1855 2055 1882 2101; x_wconf 79' lang='lat' dir='ltr'>as</span> <span class='ocrx_word' id='word_1_248' title='bbox 1897 2046 1943 2100; x_wconf 80' lang='lat' dir='ltr'>lib.</span> <span class='ocrx_word' id='word_1_249' title='bbox 1961 2046 1970 2102; x_wconf 88' lang='lat' dir='ltr'>l</span> 
     </span>
     <span class='ocr_line' id='line_1_20' title="bbox 311 2130 1973 2213; baseline -0.011 -1"><span class='ocrx_word' id='word_1_250' title='bbox 311 2158 398 2212; x_wconf 84' lang='lat' dir='ltr'>Antea</span> <span class='ocrx_word' id='word_1_251' title='bbox 411 2168 475 2209; x_wconf 82' lang='lat' dir='ltr'>uero</span> <span class='ocrx_word' id='word_1_252' title='bbox 492 2168 499 2205; x_wconf 76' lang='grc' dir='ltr'><strong><em>ε</em></strong></span> <span class='ocrx_word' id='word_1_253' title='bbox 516 2149 602 2205; x_wconf 71' lang='lat' dir='ltr'>uates</span> <span class='ocrx_word' id='word_1_254' title='bbox 620 2164 677 2204; x_wconf 81' lang='lat' dir='ltr'>eram</span> <span class='ocrx_word' id='word_1_255' title='bbox 700 2143 788 2198; x_wconf 80' lang='lat' dir='ltr'>diteris</span> <span class='ocrx_word' id='word_1_256' title='bbox 806 2153 925 2212; x_wconf 69' lang='lat' dir='ltr'>oropus:</span> <span class='ocrx_word' id='word_1_257' title='bbox 945 2136 967 2192; x_wconf 89' lang='lat' dir='ltr'>si</span> <span class='ocrx_word' id='word_1_258' title='bbox 981 2143 1113 2206; x_wconf 70' lang='lat' dir='ltr'>nepueu,</span> <span class='ocrx_word' id='word_1_259' title='bbox 1165 2137 1200 2191; x_wconf 87' lang='lat' dir='ltr'>nd</span> <span class='ocrx_word' id='word_1_260' title='bbox 1210 2135 1330 2204; x_wconf 68' lang='lat' dir='ltr'>Notion,</span> <span class='ocrx_word' id='word_1_261' title='bbox 1341 2137 1543 2210; x_wconf 64' lang='lat' dir='ltr'>otuelus).</span> <span class='ocrx_word' id='word_1_262' title='bbox 1570 2130 1715 2210; x_wconf 74' lang='lat' dir='ltr'>taphnan</span> <span class='ocrx_word' id='word_1_263' title='bbox 1727 2154 1793 2196; x_wconf 80' lang='lat' dir='ltr'>uero</span> <span class='ocrx_word' id='word_1_264' title='bbox 1804 2139 1973 2213; x_wconf 75' lang='lat' dir='ltr'>distinguunt</span> 
     </span>
     <span class='ocr_line' id='line_1_21' title="bbox 309 2224 1969 2315; baseline -0.017 -11"><span class='ocrx_word' id='word_1_265' title='bbox 309 2257 338 2304; x_wconf 88' lang='lat' dir='ltr'>ss</span> <span class='ocrx_word' id='word_1_266' title='bbox 358 2247 432 2313; x_wconf 84' lang='lat' dir='ltr'>usia,</span> <span class='ocrx_word' id='word_1_267' title='bbox 452 2261 493 2299; x_wconf 84' lang='lat' dir='ltr'>res</span> <span class='ocrx_word' id='word_1_268' title='bbox 517 2239 696 2315; x_wconf 60' lang='lat' dir='ltr'>mammarum</span> <span class='ocrx_word' id='word_1_269' title='bbox 717 2237 816 2291; x_wconf 90' lang='lat' dir='ltr'>theatra</span> <span class='ocrx_word' id='word_1_270' title='bbox 830 2242 857 2287; x_wconf 92' lang='lat' dir='ltr'>ut</span> <span class='ocrx_word' id='word_1_271' title='bbox 877 2235 1049 2304; x_wconf 81' lang='lat' dir='ltr'>percrepant,</span> <span class='ocrx_word' id='word_1_272' title='bbox 1069 2224 1112 2280; x_wconf 88' lang='lat' dir='ltr'>iu·</span> <span class='ocrx_word' id='word_1_273' title='bbox 1169 2237 1298 2297; x_wconf 62' lang='lat' dir='ltr'>estant,</span> <span class='ocrx_word' id='word_1_274' title='bbox 1313 2230 1370 2284; x_wconf 83' lang='lat' dir='ltr'>sire</span> <span class='ocrx_word' id='word_1_275' title='bbox 1383 2229 1473 2299; x_wconf 83' lang='lat' dir='ltr'>potius</span> <span class='ocrx_word' id='word_1_276' title='bbox 1487 2238 1541 2286; x_wconf 87' lang='lat' dir='ltr'>tres</span> <span class='ocrx_word' id='word_1_277' title='bbox 1552 2229 1611 2302; x_wconf 78' lang='lat' dir='ltr'>eins</span> <span class='ocrx_word' id='word_1_278' title='bbox 1625 2238 1726 2300; x_wconf 82' lang='lat' dir='ltr'>partes,</span> <span class='ocrx_word' id='word_1_279' title='bbox 1738 2231 1969 2301; x_wconf 68' lang='lat' dir='ltr'>quemadmodum</span> 
     </span>
     <span class='ocr_line' id='line_1_22' title="bbox 309 2311 1970 2410; baseline -0.009 -13"><span class='ocrx_word' id='word_1_280' title='bbox 309 2340 386 2410; x_wconf 72' lang='lat' dir='ltr'>tumis</span> <span class='ocrx_word' id='word_1_281' title='bbox 396 2347 419 2393; x_wconf 91' lang='lat' dir='ltr'>et</span> <span class='ocrx_word' id='word_1_282' title='bbox 430 2335 575 2407; x_wconf 74' lang='lat' dir='ltr'>pondera</span> <span class='ocrx_word' id='word_1_283' title='bbox 588 2330 732 2386; x_wconf 79' lang='lat' dir='ltr'>utleeatoeer</span> <span class='ocrx_word' id='word_1_284' title='bbox 745 2325 801 2400; x_wconf 78' lang='lat' dir='ltr'>(ld.</span> <span class='ocrx_word' id='word_1_285' title='bbox 813 2325 833 2381; x_wconf 81' lang='lat' dir='ltr'>l.</span> <span class='ocrx_word' id='word_1_286' title='bbox 850 2311 898 2394; x_wconf 71' lang='lat' dir='ltr'>Ni·</span> <span class='ocrx_word' id='word_1_287' title='bbox 1146 2384 1149 2390; x_wconf 61' lang='grc'><strong>,</strong></span> <span class='ocrx_word' id='word_1_288' title='bbox 1165 2336 1199 2378; x_wconf 87' lang='lat' dir='ltr'>es</span> <span class='ocrx_word' id='word_1_289' title='bbox 1213 2318 1344 2379; x_wconf 79' lang='lat' dir='ltr'>Cimsone</span> <span class='ocrx_word' id='word_1_290' title='bbox 1357 2321 1368 2395; x_wconf 93' lang='grc'><strong>(</strong></span> <span class='ocrx_word' id='word_1_291' title='bbox 1379 2321 1473 2389; x_wconf 76' lang='lat' dir='ltr'>(licen,</span> <span class='ocrx_word' id='word_1_292' title='bbox 1485 2322 1520 2377; x_wconf 83' lang='lat' dir='ltr'>lib</span> <span class='ocrx_word' id='word_1_293' title='bbox 1534 2323 1567 2377; x_wconf 84' lang='lat' dir='ltr'>de</span> <span class='ocrx_word' id='word_1_294' title='bbox 1580 2322 1694 2390; x_wconf 73' lang='lat' dir='ltr'>Serus,</span> <span class='ocrx_word' id='word_1_295' title='bbox 1704 2340 1734 2395; x_wconf 79' lang='lat' dir='ltr'>p.</span> <span class='ocrx_word' id='word_1_296' title='bbox 1746 2323 1815 2390; x_wconf 76' lang='lat' dir='ltr'>lta,</span> <span class='ocrx_word' id='word_1_297' title='bbox 1827 2326 1876 2381; x_wconf 89' lang='lat' dir='ltr'>lin.</span> <span class='ocrx_word' id='word_1_298' title='bbox 1888 2325 1934 2394; x_wconf 74' lang='lat'>37,</span> <span class='ocrx_word' id='word_1_299' title='bbox 1944 2336 1970 2382; x_wconf 85' lang='lat' dir='ltr'>sl</span> 
     </span>
    </p>

    <p class='ocr_par' dir='ltr' id='par_1_6' title="bbox 309 2412 1967 3517">
     <span class='ocr_line' id='line_1_23' title="bbox 348 2412 1967 2501; baseline -0.011 -13"><span class='ocrx_word' id='word_1_300' title='bbox 348 2431 439 2501; x_wconf 76' lang='lat' dir='ltr'>Pergit</span> <span class='ocrx_word' id='word_1_301' title='bbox 464 2426 661 2490; x_wconf 77' lang='lat' dir='ltr'>Tertullianus,</span> <span class='ocrx_word' id='word_1_302' title='bbox 684 2429 763 2492; x_wconf 83' lang='lat' dir='ltr'>atoue</span> <span class='ocrx_word' id='word_1_303' title='bbox 784 2417 908 2474; x_wconf 87' lang='lat' dir='ltr'>ethnicos</span> <span class='ocrx_word' id='word_1_304' title='bbox 930 2414 972 2469; x_wconf 91' lang='lat' dir='ltr'>bis</span> <span class='ocrx_word' id='word_1_305' title='bbox 991 2412 1113 2480; x_wconf 86' lang='lat' dir='ltr'>increpat</span> <span class='ocrx_word' id='word_1_306' title='bbox 1166 2414 1213 2469; x_wconf 91' lang='lat' dir='ltr'>lib.</span> <span class='ocrx_word' id='word_1_307' title='bbox 1228 2415 1260 2469; x_wconf 87' lang='lat' dir='ltr'>de</span> <span class='ocrx_word' id='word_1_308' title='bbox 1273 2414 1389 2481; x_wconf 67' lang='lat' dir='ltr'>Amicis„</span> <span class='ocrx_word' id='word_1_309' title='bbox 1404 2433 1432 2487; x_wconf 83' lang='lat' dir='ltr'>p.</span> <span class='ocrx_word' id='word_1_310' title='bbox 1447 2414 1519 2482; x_wconf 62' lang='lat' dir='ltr'>dit,</span> <span class='ocrx_word' id='word_1_311' title='bbox 1534 2416 1580 2470; x_wconf 86' lang='lat' dir='ltr'>tin.</span> <span class='ocrx_word' id='word_1_312' title='bbox 1593 2416 1629 2471; x_wconf 83' lang='lat' dir='ltr'>tlt</span> <span class='ocrx_word' id='word_1_313' title='bbox 1643 2415 1672 2484; x_wconf 79' lang='lat'>)„</span> <span class='ocrx_word' id='word_1_314' title='bbox 1679 2415 1810 2472; x_wconf 80' lang='lat' dir='ltr'>Suetonio</span> <span class='ocrx_word' id='word_1_315' title='bbox 1825 2415 1967 2489; x_wconf 77' lang='lat' dir='ltr'>(Sueten,</span> 
     </span>
     <span class='ocr_line' id='line_1_24' title="bbox 311 2503 1967 2584; baseline -0.007 -7"><span class='ocrx_word' id='word_1_316' title='bbox 311 2521 416 2578; x_wconf 80' lang='lat' dir='ltr'>uerbis:</span> <span class='ocrx_word' id='word_1_317' title='bbox 428 2518 567 2576; x_wconf 71' lang='lat' dir='ltr'>sustinetis</span> <span class='ocrx_word' id='word_1_318' title='bbox 577 2514 649 2570; x_wconf 75' lang='lat' dir='ltr'>lauis</span> <span class='ocrx_word' id='word_1_319' title='bbox 662 2513 745 2584; x_wconf 76' lang='lat' dir='ltr'>elapia</span> <span class='ocrx_word' id='word_1_320' title='bbox 757 2511 856 2566; x_wconf 83' lang='lat' dir='ltr'>canturi</span> <span class='ocrx_word' id='word_1_321' title='bbox 865 2504 1031 2579; x_wconf 76' lang='lat' dir='ltr'>(Tertullian.</span> <span class='ocrx_word' id='word_1_322' title='bbox 1041 2503 1110 2574; x_wconf 78' lang='lat' dir='ltr'>Apa·</span> <span class='ocrx_word' id='word_1_323' title='bbox 1164 2508 1209 2563; x_wconf 85' lang='lat' dir='ltr'>lib.</span> <span class='ocrx_word' id='word_1_324' title='bbox 1223 2506 1346 2579; x_wconf 67' lang='grc' dir='ltr'>ΜΗ),</span> <span class='ocrx_word' id='word_1_325' title='bbox 1357 2506 1452 2563; x_wconf 87' lang='lat' dir='ltr'>Servio</span> <span class='ocrx_word' id='word_1_326' title='bbox 1462 2506 1473 2579; x_wconf 74' lang='lat' dir='ltr'>l</span> <span class='ocrx_word' id='word_1_327' title='bbox 1481 2507 1586 2564; x_wconf 80' lang='lat' dir='ltr'>Seruius</span> <span class='ocrx_word' id='word_1_328' title='bbox 1596 2508 1622 2563; x_wconf 86' lang='lat' dir='ltr'>irs</span> <span class='ocrx_word' id='word_1_329' title='bbox 1635 2507 1681 2563; x_wconf 87' lang='lat' dir='ltr'>lib.</span> <span class='ocrx_word' id='word_1_330' title='bbox 1695 2506 1855 2575; x_wconf 77' lang='lat' dir='ltr'>V,AEtseid.,</span> <span class='ocrx_word' id='word_1_331' title='bbox 1865 2526 1890 2564; x_wconf 85' lang='lat' dir='ltr'>s.</span> <span class='ocrx_word' id='word_1_332' title='bbox 1900 2510 1967 2576; x_wconf 73' lang='lat' dir='ltr'>ald,</span> 
     </span>
     <span class='ocr_line' id='line_1_25' title="bbox 309 2596 1966 2686; baseline -0.008 -16"><span class='ocrx_word' id='word_1_333' title='bbox 309 2616 399 2686; x_wconf 64' lang='lat' dir='ltr'>host,</span> <span class='ocrx_word' id='word_1_334' title='bbox 414 2629 473 2685; x_wconf 83' lang='lat' dir='ltr'>cup.</span> <span class='ocrx_word' id='word_1_335' title='bbox 490 2611 549 2680; x_wconf 79' lang='lat' dir='ltr'>tv,</span> <span class='ocrx_word' id='word_1_336' title='bbox 565 2626 626 2682; x_wconf 75' lang='lat' dir='ltr'>pap.</span> <span class='ocrx_word' id='word_1_337' title='bbox 641 2607 718 2680; x_wconf 76' lang='lat'>359),</span> <span class='ocrx_word' id='word_1_338' title='bbox 738 2615 766 2662; x_wconf 92' lang='lat' dir='ltr'>et</span> <span class='ocrx_word' id='word_1_339' title='bbox 784 2604 811 2660; x_wconf 91' lang='lat' dir='ltr'>in</span> <span class='ocrx_word' id='word_1_340' title='bbox 834 2601 904 2658; x_wconf 90' lang='lat' dir='ltr'>libra</span> <span class='ocrx_word' id='word_1_341' title='bbox 916 2599 950 2656; x_wconf 88' lang='lat' dir='ltr'>ud</span> <span class='ocrx_word' id='word_1_342' title='bbox 964 2598 1111 2665; x_wconf 88' lang='lat' dir='ltr'>Nationes,</span> <span class='ocrx_word' id='word_1_343' title='bbox 1164 2607 1189 2654; x_wconf 88' lang='lat' dir='ltr'>et</span> <span class='ocrx_word' id='word_1_344' title='bbox 1199 2596 1341 2667; x_wconf 82' lang='lat' dir='ltr'>tlt.vllt,e.</span> <span class='ocrx_word' id='word_1_345' title='bbox 1351 2599 1429 2672; x_wconf 77' lang='lat'>635),</span> <span class='ocrx_word' id='word_1_346' title='bbox 1440 2600 1551 2670; x_wconf 83' lang='lat' dir='ltr'>aliisque</span> <span class='ocrx_word' id='word_1_347' title='bbox 1562 2599 1700 2656; x_wconf 80' lang='lat' dir='ltr'>discimus.</span> <span class='ocrx_word' id='word_1_348' title='bbox 1714 2598 1825 2656; x_wconf 80' lang='lat' dir='ltr'>Summa</span> <span class='ocrx_word' id='word_1_349' title='bbox 1836 2612 1902 2669; x_wconf 80' lang='lat' dir='ltr'>erat,</span> <span class='ocrx_word' id='word_1_350' title='bbox 1916 2602 1966 2658; x_wconf 86' lang='lat' dir='ltr'>uhi</span> 
     </span>
     <span class='ocr_line' id='line_1_26' title="bbox 310 2688 1964 2778; baseline -0.014 -16"><span class='ocrx_word' id='word_1_351' title='bbox 310 2707 395 2778; x_wconf 69' lang='lat' dir='ltr'>alapia</span> <span class='ocrx_word' id='word_1_352' title='bbox 411 2703 541 2760; x_wconf 83' lang='lat' dir='ltr'>muduhui</span> <span class='ocrx_word' id='word_1_353' title='bbox 553 2702 610 2777; x_wconf 87' lang='lat' dir='ltr'>(tib.</span> <span class='ocrx_word' id='word_1_354' title='bbox 625 2700 684 2756; x_wconf 87' lang='lat' dir='ltr'>lad</span> <span class='ocrx_word' id='word_1_355' title='bbox 698 2699 818 2764; x_wconf 79' lang='lat' dir='ltr'>Notium,</span> <span class='ocrx_word' id='word_1_356' title='bbox 835 2712 894 2768; x_wconf 82' lang='lat' dir='ltr'>sap.</span> <span class='ocrx_word' id='word_1_357' title='bbox 906 2693 942 2762; x_wconf 83' lang='lat' dir='ltr'>tt,</span> <span class='ocrx_word' id='word_1_358' title='bbox 956 2708 1018 2765; x_wconf 81' lang='lat' dir='ltr'>pap.</span> <span class='ocrx_word' id='word_1_359' title='bbox 1032 2688 1111 2760; x_wconf 80' lang='lat' dir='ltr'>sle),</span> <span class='ocrx_word' id='word_1_360' title='bbox 1164 2690 1294 2761; x_wconf 84' lang='lat' dir='ltr'>loemiuae,</span> <span class='ocrx_word' id='word_1_361' title='bbox 1305 2693 1394 2750; x_wconf 87' lang='lat' dir='ltr'>media</span> <span class='ocrx_word' id='word_1_362' title='bbox 1407 2693 1452 2750; x_wconf 86' lang='lat' dir='ltr'>ubi</span> <span class='ocrx_word' id='word_1_363' title='bbox 1461 2692 1590 2766; x_wconf 66' lang='lat' dir='ltr'>pambus,</span> <span class='ocrx_word' id='word_1_364' title='bbox 1605 2695 1686 2751; x_wconf 61' lang='lat' dir='ltr'>main</span> <span class='ocrx_word' id='word_1_365' title='bbox 1698 2694 1744 2751; x_wconf 81' lang='lat' dir='ltr'>abi</span> <span class='ocrx_word' id='word_1_366' title='bbox 1758 2694 1900 2751; x_wconf 63' lang='grc' dir='ltr'><strong>υοιιὶιιοης</strong></span> <span class='ocrx_word' id='word_1_367' title='bbox 1910 2695 1964 2753; x_wconf 67' lang='lat' dir='ltr'>otri</span> 
     </span>
     <span class='ocr_line' id='line_1_27' title="bbox 309 2781 1965 2867; baseline -0.024 -9"><span class='ocrx_word' id='word_1_368' title='bbox 309 2801 368 2858; x_wconf 82' lang='lat' dir='ltr'>sire</span> <span class='ocrx_word' id='word_1_369' title='bbox 381 2799 455 2856; x_wconf 86' lang='lat' dir='ltr'>loris</span> <span class='ocrx_word' id='word_1_370' title='bbox 474 2794 695 2867; x_wconf 85' lang='lat' dir='ltr'>uituperationes,</span> <span class='ocrx_word' id='word_1_371' title='bbox 711 2801 739 2847; x_wconf 89' lang='lat' dir='ltr'>et</span> <span class='ocrx_word' id='word_1_372' title='bbox 751 2788 911 2864; x_wconf 76' lang='lat' dir='ltr'>ignominias</span> <span class='ocrx_word' id='word_1_373' title='bbox 923 2783 1039 2856; x_wconf 83' lang='lat' dir='ltr'>exprimi</span> <span class='ocrx_word' id='word_1_374' title='bbox 1054 2781 1111 2838; x_wconf 91' lang='lat' dir='ltr'>bis·</span> <span class='ocrx_word' id='word_1_375' title='bbox 1163 2786 1304 2856; x_wconf 69' lang='lat' dir='ltr'>maenam,</span> <span class='ocrx_word' id='word_1_376' title='bbox 1325 2788 1669 2860; x_wconf 55' lang='lat' dir='ltr'>speciosamqpepuppcos</span> <span class='ocrx_word' id='word_1_377' title='bbox 1680 2787 1768 2845; x_wconf 45' lang='lat' dir='ltr'><strong>lupos·</strong></span> <span class='ocrx_word' id='word_1_378' title='bbox 1781 2789 1965 2846; x_wconf 54' lang='lat' dir='ltr'>perunum,</span> 
     </span>
     <span class='ocr_line' id='line_1_28' title="bbox 311 2871 1965 2961; baseline -0.016 -14"><span class='ocrx_word' id='word_1_379' title='bbox 311 2891 429 2949; x_wconf 89' lang='lat' dir='ltr'>trionum</span> <span class='ocrx_word' id='word_1_380' title='bbox 444 2889 553 2948; x_wconf 86' lang='lat' dir='ltr'>roribus</span> <span class='ocrx_word' id='word_1_381' title='bbox 566 2874 913 2961; x_wconf 67' lang='lat' dir='ltr'>arguitionesitbiamm</span> <span class='ocrx_word' id='word_1_382' title='bbox 928 2876 1112 2933; x_wconf 84' lang='lat' dir='ltr'>modulatione</span> <span class='ocrx_word' id='word_1_383' title='bbox 1164 2888 1265 2947; x_wconf 77' lang='lat' dir='ltr'>tameat,</span> <span class='ocrx_word' id='word_1_384' title='bbox 1277 2871 1500 2951; x_wconf 83' lang='lat' dir='ltr'>quemadmodum</span> <span class='ocrx_word' id='word_1_385' title='bbox 1516 2878 1677 2936; x_wconf 73' lang='lat' dir='ltr'>Ammianus</span> <span class='ocrx_word' id='word_1_386' title='bbox 1689 2879 1860 2937; x_wconf 61' lang='lat' dir='ltr'>normannos</span> <span class='ocrx_word' id='word_1_387' title='bbox 1875 2879 1965 2952; x_wconf 79' lang='lat' dir='ltr'>(ller-</span> 
     </span>
     <span class='ocr_line' id='line_1_29' title="bbox 309 2970 1965 3053; baseline -0.009 -12"><span class='ocrx_word' id='word_1_388' title='bbox 309 2985 339 3041; x_wconf 90' lang='lat' dir='ltr'>in</span> <span class='ocrx_word' id='word_1_389' title='bbox 351 2981 502 3049; x_wconf 79' lang='lat' dir='ltr'>eumoedhs,</span> <span class='ocrx_word' id='word_1_390' title='bbox 514 2980 592 3037; x_wconf 88' lang='lat' dir='ltr'>sicuti</span> <span class='ocrx_word' id='word_1_391' title='bbox 604 2974 817 3053; x_wconf 77' lang='lat' dir='ltr'>Amphitryonis,</span> <span class='ocrx_word' id='word_1_392' title='bbox 832 2982 859 3028; x_wconf 90' lang='lat' dir='ltr'>et</span> <span class='ocrx_word' id='word_1_393' title='bbox 870 2970 930 3026; x_wconf 89' lang='lat' dir='ltr'>aliis</span> <span class='ocrx_word' id='word_1_394' title='bbox 940 2976 1015 3026; x_wconf 87' lang='lat' dir='ltr'>certe</span> <span class='ocrx_word' id='word_1_395' title='bbox 1029 2981 1112 3039; x_wconf 85' lang='lat' dir='ltr'>quam</span> <span class='ocrx_word' id='word_1_396' title='bbox 1163 2973 1234 3037; x_wconf 83' lang='lat' dir='ltr'>cett,</span> <span class='ocrx_word' id='word_1_397' title='bbox 1249 2970 1293 3027; x_wconf 86' lang='lat' dir='ltr'>tilr.</span> <span class='ocrx_word' id='word_1_398' title='bbox 1310 2971 1388 3041; x_wconf 84' lang='lat' dir='ltr'>tttx,</span> <span class='ocrx_word' id='word_1_399' title='bbox 1404 2991 1431 3046; x_wconf 84' lang='lat' dir='ltr'>p.</span> <span class='ocrx_word' id='word_1_400' title='bbox 1446 2973 1499 3030; x_wconf 73' lang='lat' dir='ltr'>bib</span> <span class='ocrx_word' id='word_1_401' title='bbox 1512 2973 1540 3046; x_wconf 91' lang='grc'>),</span> <span class='ocrx_word' id='word_1_402' title='bbox 1569 2989 1657 3031; x_wconf 80' lang='lat' dir='ltr'>maere</span> <span class='ocrx_word' id='word_1_403' title='bbox 1684 2974 1790 3030; x_wconf 90' lang='lat' dir='ltr'>nomine</span> <span class='ocrx_word' id='word_1_404' title='bbox 1814 2974 1965 3046; x_wconf 73' lang='lat' dir='ltr'>designans</span> 
     </span>
     <span class='ocr_line' id='line_1_30' title="bbox 310 3059 1961 3149; baseline -0.009 -16"><span class='ocrx_word' id='word_1_405' title='bbox 310 3076 434 3149; x_wconf 89' lang='lat' dir='ltr'>plurimis</span> <span class='ocrx_word' id='word_1_406' title='bbox 452 3073 584 3130; x_wconf 91' lang='lat' dir='ltr'>similibus</span> <span class='ocrx_word' id='word_1_407' title='bbox 607 3068 754 3127; x_wconf 86' lang='lat' dir='ltr'>decantari.</span> <span class='ocrx_word' id='word_1_408' title='bbox 774 3063 912 3122; x_wconf 77' lang='lat' dir='ltr'>Sustinuit</span> <span class='ocrx_word' id='word_1_409' title='bbox 932 3076 1040 3134; x_wconf 79' lang='lat' dir='ltr'>quoque</span> <span class='ocrx_word' id='word_1_410' title='bbox 1056 3059 1110 3116; x_wconf 77' lang='lat' dir='ltr'>lu·</span> <span class='ocrx_word' id='word_1_411' title='bbox 1163 3064 1354 3136; x_wconf 84' lang='lat' dir='ltr'>arrsphitheatri</span> <span class='ocrx_word' id='word_1_412' title='bbox 1370 3080 1498 3135; x_wconf 88' lang='lat' dir='ltr'>arenam,</span> <span class='ocrx_word' id='word_1_413' title='bbox 1513 3065 1539 3122; x_wconf 89' lang='lat' dir='ltr'>in</span> <span class='ocrx_word' id='word_1_414' title='bbox 1553 3082 1604 3139; x_wconf 78' lang='lat' dir='ltr'>qua</span> <span class='ocrx_word' id='word_1_415' title='bbox 1624 3067 1769 3138; x_wconf 74' lang='lat' dir='ltr'>pugnabant</span> <span class='ocrx_word' id='word_1_416' title='bbox 1781 3066 1961 3138; x_wconf 76' lang='lat' dir='ltr'>gladiatores.</span> 
     </span>
     <span class='ocr_line' id='line_1_31' title="bbox 309 3152 1964 3244; baseline -0.013 -6"><span class='ocrx_word' id='word_1_417' title='bbox 309 3184 412 3236; x_wconf 66' lang='lat' dir='ltr'>”mmo</span> <span class='ocrx_word' id='word_1_418' title='bbox 431 3164 563 3232; x_wconf 55' lang='lat' dir='ltr'>vemet.</span> <span class='ocrx_word' id='word_1_419' title='bbox 580 3161 722 3217; x_wconf 57' lang='lat' dir='ltr'>Minervam</span> <span class='ocrx_word' id='word_1_420' title='bbox 736 3174 753 3212; x_wconf 67' lang='grc' dir='ltr'><strong>ι</strong></span> <span class='ocrx_word' id='word_1_421' title='bbox 765 3153 992 3244; x_wconf 64' lang='lat' dir='ltr'>lwlfejt‘b‘wlt&#39;</span> <span class='ocrx_word' id='word_1_422' title='bbox 1005 3154 1015 3226; x_wconf 78' lang='lat' dir='ltr'>i</span> <span class='ocrx_word' id='word_1_423' title='bbox 1027 3152 1110 3218; x_wconf 59' lang='lat' dir='ltr'>idem,</span> <span class='ocrx_word' id='word_1_424' title='bbox 1163 3156 1193 3213; x_wconf 91' lang='lat' dir='ltr'>ln</span> <span class='ocrx_word' id='word_1_425' title='bbox 1206 3172 1255 3212; x_wconf 91' lang='lat' dir='ltr'>sno</span> <span class='ocrx_word' id='word_1_426' title='bbox 1265 3157 1362 3229; x_wconf 85' lang='lat' dir='ltr'>quippe</span> <span class='ocrx_word' id='word_1_427' title='bbox 1376 3156 1409 3228; x_wconf 84' lang='lat' dir='ltr'>ud</span> <span class='ocrx_word' id='word_1_428' title='bbox 1422 3157 1554 3215; x_wconf 84' lang='lat' dir='ltr'>Nationes</span> <span class='ocrx_word' id='word_1_429' title='bbox 1566 3158 1636 3216; x_wconf 90' lang='lat' dir='ltr'>libro</span> <span class='ocrx_word' id='word_1_430' title='bbox 1647 3159 1764 3229; x_wconf 84' lang='lat' dir='ltr'>scripsit:</span> <span class='ocrx_word' id='word_1_431' title='bbox 1775 3157 1964 3230; x_wconf 74' lang='lat' dir='ltr'>lisbioiosiares</span> 
     </span>
     <span class='ocr_line' id='line_1_32' title="bbox 311 3245 1965 3337; baseline -0.013 -18"><span class='ocrx_word' id='word_1_432' title='bbox 311 3262 447 3334; x_wconf 65' lang='lat' dir='ltr'>epulones.</span> <span class='ocrx_word' id='word_1_433' title='bbox 459 3259 521 3315; x_wconf 84' lang='lat' dir='ltr'>ibid.</span> <span class='ocrx_word' id='word_1_434' title='bbox 536 3255 558 3332; x_wconf 90' lang='lat'>),</span> <span class='ocrx_word' id='word_1_435' title='bbox 573 3257 698 3312; x_wconf 88' lang='lat' dir='ltr'>nimirum</span> <span class='ocrx_word' id='word_1_436' title='bbox 712 3251 825 3319; x_wconf 85' lang='lat' dir='ltr'>Paride,</span> <span class='ocrx_word' id='word_1_437' title='bbox 842 3250 869 3305; x_wconf 91' lang='lat' dir='ltr'>in</span> <span class='ocrx_word' id='word_1_438' title='bbox 882 3258 973 3304; x_wconf 89' lang='lat' dir='ltr'>monte</span> <span class='ocrx_word' id='word_1_439' title='bbox 986 3245 1031 3325; x_wconf 84' lang='lat' dir='ltr'>lda</span> <span class='ocrx_word' id='word_1_440' title='bbox 1043 3246 1146 3337; x_wconf 69' lang='lat' dir='ltr'>eds-C</span> <span class='ocrx_word' id='word_1_441' title='bbox 1163 3249 1223 3304; x_wconf 87' lang='lat' dir='ltr'>estis</span> <span class='ocrx_word' id='word_1_442' title='bbox 1239 3249 1266 3303; x_wconf 89' lang='lat' dir='ltr'>in</span> <span class='ocrx_word' id='word_1_443' title='bbox 1279 3249 1452 3320; x_wconf 71' lang='lat' dir='ltr'>pladiatarum</span> <span class='ocrx_word' id='word_1_444' title='bbox 1463 3265 1549 3315; x_wconf 83' lang='lat' dir='ltr'>cauea,</span> <span class='ocrx_word' id='word_1_445' title='bbox 1564 3251 1607 3306; x_wconf 90' lang='lat' dir='ltr'>ubi</span> <span class='ocrx_word' id='word_1_446' title='bbox 1619 3267 1696 3321; x_wconf 83' lang='lat' dir='ltr'>super</span> <span class='ocrx_word' id='word_1_447' title='bbox 1706 3251 1854 3322; x_wconf 67' lang='lat' dir='ltr'>manuisum</span> <span class='ocrx_word' id='word_1_448' title='bbox 1867 3252 1965 3305; x_wconf 72' lang='lat' dir='ltr'>hum.</span> 
     </span>
     <span class='ocr_line' id='line_1_33' title="bbox 310 3336 1965 3425; baseline -0.017 -12"><span class='ocrx_word' id='word_1_449' title='bbox 310 3365 373 3412; x_wconf 88' lang='lat' dir='ltr'>eata</span> <span class='ocrx_word' id='word_1_450' title='bbox 385 3356 455 3410; x_wconf 87' lang='lat' dir='ltr'>inter</span> <span class='ocrx_word' id='word_1_451' title='bbox 466 3361 597 3425; x_wconf 87' lang='lat' dir='ltr'>pastores,</span> <span class='ocrx_word' id='word_1_452' title='bbox 606 3358 634 3406; x_wconf 83' lang='lat' dir='ltr'>et</span> <span class='ocrx_word' id='word_1_453' title='bbox 645 3355 752 3421; x_wconf 83' lang='lat' dir='ltr'>pastore</span> <span class='ocrx_word' id='word_1_454' title='bbox 766 3339 1013 3413; x_wconf 83' lang='lat' dir='ltr'>nuncupato,cujus</span> <span class='ocrx_word' id='word_1_455' title='bbox 1024 3337 1057 3394; x_wconf 89' lang='lat' dir='ltr'>de</span> <span class='ocrx_word' id='word_1_456' title='bbox 1066 3336 1109 3394; x_wconf 89' lang='lat' dir='ltr'>his</span> <span class='ocrx_word' id='word_1_457' title='bbox 1162 3356 1241 3407; x_wconf 86' lang='lat' dir='ltr'>nuso,</span> <span class='ocrx_word' id='word_1_458' title='bbox 1255 3356 1332 3410; x_wconf 87' lang='lat' dir='ltr'>super</span> <span class='ocrx_word' id='word_1_459' title='bbox 1342 3340 1535 3410; x_wconf 78' lang='lat' dir='ltr'>iupuiuurumrla</span> <span class='ocrx_word' id='word_1_460' title='bbox 1547 3358 1679 3413; x_wconf 56' lang='lat' dir='ltr'>wamiam</span> <span class='ocrx_word' id='word_1_461' title='bbox 1696 3342 1804 3415; x_wconf 63' lang='lat' dir='ltr'>protom</span> <span class='ocrx_word' id='word_1_462' title='bbox 1816 3344 1911 3398; x_wconf 66' lang='lat' dir='ltr'>aotam</span> <span class='ocrx_word' id='word_1_463' title='bbox 1925 3343 1965 3398; x_wconf 66' lang='lat' dir='ltr'>att</span> 
     </span>
     <span class='ocr_line' id='line_1_34' title="bbox 310 3431 1964 3517; baseline -0.009 -12"><span class='ocrx_word' id='word_1_464' title='bbox 310 3448 412 3504; x_wconf 85' lang='lat' dir='ltr'>deabus</span> <span class='ocrx_word' id='word_1_465' title='bbox 421 3446 552 3517; x_wconf 79' lang='lat' dir='ltr'>judicium</span> <span class='ocrx_word' id='word_1_466' title='bbox 565 3442 633 3499; x_wconf 83' lang='lat' dir='ltr'>nulli</span> <span class='ocrx_word' id='word_1_467' title='bbox 646 3442 842 3510; x_wconf 79' lang='lat' dir='ltr'>incompertum</span> <span class='ocrx_word' id='word_1_468' title='bbox 855 3443 907 3491; x_wconf 80' lang='lat' dir='ltr'>est.</span> <span class='ocrx_word' id='word_1_469' title='bbox 929 3432 1000 3490; x_wconf 86' lang='lat' dir='ltr'>Nihil</span> <span class='ocrx_word' id='word_1_470' title='bbox 1019 3431 1111 3501; x_wconf 83' lang='lat' dir='ltr'>itaque</span> <span class='ocrx_word' id='word_1_471' title='bbox 1161 3431 1247 3497; x_wconf 80' lang='lat' dir='ltr'>uestri,</span> <span class='ocrx_word' id='word_1_472' title='bbox 1260 3442 1411 3503; x_wconf 71' lang='lat' dir='ltr'>arancarum</span> <span class='ocrx_word' id='word_1_473' title='bbox 1425 3440 1448 3487; x_wconf 89' lang='lat' dir='ltr'>et</span> <span class='ocrx_word' id='word_1_474' title='bbox 1459 3432 1583 3490; x_wconf 80' lang='lat' dir='ltr'>historias</span> <span class='ocrx_word' id='word_1_475' title='bbox 1598 3434 1744 3490; x_wconf 87' lang='lat' dir='ltr'>nocentibus</span> <span class='ocrx_word' id='word_1_476' title='bbox 1756 3435 1903 3507; x_wconf 70' lang='lat' dir='ltr'>naamdis,</span> <span class='ocrx_word' id='word_1_477' title='bbox 1917 3443 1964 3490; x_wconf 85' lang='lat' dir='ltr'>sut</span> 
     </span>
    </p>
   </div>
   <div class='ocr_carea' id='block_1_6' title="bbox 203 3523 1964 3608">
    <p class='ocr_par' dir='ltr' id='par_1_7' title="bbox 203 3523 1964 3608">
     <span class='ocr_line' id='line_1_35' title="bbox 203 3523 1964 3608; baseline -0.007 -13"><span class='ocrx_word' id='word_1_478' title='bbox 203 3547 206 3556; x_wconf 89' lang='lat'>&#39;</span> <span class='ocrx_word' id='word_1_479' title='bbox 310 3537 481 3608; x_wconf 75' lang='lat' dir='ltr'>adiicientes,</span> <span class='ocrx_word' id='word_1_480' title='bbox 490 3536 542 3592; x_wconf 92' lang='lat' dir='ltr'>nisi</span> <span class='ocrx_word' id='word_1_481' title='bbox 552 3533 624 3605; x_wconf 84' lang='lat' dir='ltr'>quod</span> <span class='ocrx_word' id='word_1_482' title='bbox 637 3532 702 3589; x_wconf 90' lang='lat' dir='ltr'>scite</span> <span class='ocrx_word' id='word_1_483' title='bbox 713 3539 740 3587; x_wconf 88' lang='lat' dir='ltr'>et</span> <span class='ocrx_word' id='word_1_484' title='bbox 749 3529 860 3584; x_wconf 90' lang='lat' dir='ltr'>omnino</span> <span class='ocrx_word' id='word_1_485' title='bbox 873 3525 907 3582; x_wconf 91' lang='lat' dir='ltr'>ad</span> <span class='ocrx_word' id='word_1_486' title='bbox 921 3539 977 3582; x_wconf 82' lang='lat' dir='ltr'>rem</span> <span class='ocrx_word' id='word_1_487' title='bbox 989 3532 1110 3604; x_wconf 83' lang='lat' dir='ltr'>nostrum</span> <span class='ocrx_word' id='word_1_488' title='bbox 1162 3523 1189 3577; x_wconf 91' lang='lat' dir='ltr'>iu</span> <span class='ocrx_word' id='word_1_489' title='bbox 1211 3524 1273 3594; x_wconf 83' lang='lat' dir='ltr'>ipsis</span> <span class='ocrx_word' id='word_1_490' title='bbox 1297 3524 1351 3579; x_wconf 85' lang='lat' dir='ltr'>deis</span> <span class='ocrx_word' id='word_1_491' title='bbox 1365 3535 1482 3581; x_wconf 83' lang='lat' dir='ltr'>nocentes</span> <span class='ocrx_word' id='word_1_492' title='bbox 1501 3525 1791 3599; x_wconf 73' lang='lat' dir='ltr'>pumunturllertull.</span> <span class='ocrx_word' id='word_1_493' title='bbox 1829 3527 1874 3582; x_wconf 88' lang='lat' dir='ltr'>lib.</span> <span class='ocrx_word' id='word_1_494' title='bbox 1896 3527 1964 3583; x_wconf 83' lang='lat' dir='ltr'>lad</span> 
     </span>
    </p>
   </div>
   <div class='ocr_carea' id='block_1_7' title="bbox 260 3613 1967 5728">
    <p class='ocr_par' dir='ltr' id='par_1_8' title="bbox 307 3613 1967 4890">
     <span class='ocr_line' id='line_1_36' title="bbox 310 3613 1965 3698; baseline -0.004 -15"><span class='ocrx_word' id='word_1_495' title='bbox 310 3629 432 3698; x_wconf 84' lang='lat' dir='ltr'>apposite</span> <span class='ocrx_word' id='word_1_496' title='bbox 445 3626 610 3698; x_wconf 78' lang='lat' dir='ltr'>Augustinus</span> <span class='ocrx_word' id='word_1_497' title='bbox 622 3623 707 3679; x_wconf 86' lang='lat' dir='ltr'>disis:</span> <span class='ocrx_word' id='word_1_498' title='bbox 723 3619 843 3676; x_wconf 79' lang='lat' dir='ltr'>Tametsi</span> <span class='ocrx_word' id='word_1_499' title='bbox 857 3617 922 3672; x_wconf 89' lang='lat' dir='ltr'>lalsa</span> <span class='ocrx_word' id='word_1_500' title='bbox 936 3617 1010 3684; x_wconf 91' lang='lat' dir='ltr'>sim,</span> <span class='ocrx_word' id='word_1_501' title='bbox 1027 3614 1111 3686; x_wconf 76' lang='lat' dir='ltr'>litipiu</span> <span class='ocrx_word' id='word_1_502' title='bbox 1162 3613 1240 3683; x_wconf 79' lang='lat' dir='ltr'>Nau,</span> <span class='ocrx_word' id='word_1_503' title='bbox 1254 3634 1312 3688; x_wconf 83' lang='lat' dir='ltr'>cap.</span> <span class='ocrx_word' id='word_1_504' title='bbox 1327 3615 1363 3685; x_wconf 78' lang='lat' dir='ltr'>X,</span> <span class='ocrx_word' id='word_1_505' title='bbox 1384 3635 1411 3689; x_wconf 82' lang='lat' dir='ltr'>p.</span> <span class='ocrx_word' id='word_1_506' title='bbox 1424 3616 1507 3692; x_wconf 80' lang='grc'><strong>576).</strong></span> <span class='ocrx_word' id='word_1_507' title='bbox 1520 3620 1550 3676; x_wconf 94' lang='lat' dir='ltr'>lu</span> <span class='ocrx_word' id='word_1_508' title='bbox 1563 3620 1740 3692; x_wconf 69' lang='lat' dir='ltr'>apologetico</span> <span class='ocrx_word' id='word_1_509' title='bbox 1762 3629 1852 3677; x_wconf 75' lang='lat' dir='ltr'>auum</span> <span class='ocrx_word' id='word_1_510' title='bbox 1879 3620 1965 3677; x_wconf 83' lang='lat' dir='ltr'>simili</span> 
     </span>
     <span class='ocr_line' id='line_1_37' title="bbox 309 3706 1964 3786; baseline -0.003 -15"><span class='ocrx_word' id='word_1_511' title='bbox 309 3716 455 3786; x_wconf 72' lang='lat' dir='ltr'>usljudicia</span> <span class='ocrx_word' id='word_1_512' title='bbox 468 3713 503 3769; x_wconf 89' lang='lat' dir='ltr'>de</span> <span class='ocrx_word' id='word_1_513' title='bbox 514 3713 633 3784; x_wconf 89' lang='lat' dir='ltr'>pluribus</span> <span class='ocrx_word' id='word_1_514' title='bbox 646 3710 709 3778; x_wconf 89' lang='lat' dir='ltr'>diis,</span> <span class='ocrx_word' id='word_1_515' title='bbox 725 3717 753 3765; x_wconf 92' lang='lat' dir='ltr'>et</span> <span class='ocrx_word' id='word_1_516' title='bbox 767 3710 851 3765; x_wconf 89' lang='lat' dir='ltr'>tribus</span> <span class='ocrx_word' id='word_1_517' title='bbox 863 3707 915 3763; x_wconf 89' lang='lat' dir='ltr'>illis</span> <span class='ocrx_word' id='word_1_518' title='bbox 930 3706 1042 3772; x_wconf 88' lang='lat' dir='ltr'>deabus,</span> <span class='ocrx_word' id='word_1_519' title='bbox 1052 3721 1111 3776; x_wconf 80' lang='lat' dir='ltr'>ause</span> <span class='ocrx_word' id='word_1_520' title='bbox 1162 3708 1262 3766; x_wconf 90' lang='lat' dir='ltr'>modo:</span> <span class='ocrx_word' id='word_1_521' title='bbox 1281 3709 1315 3765; x_wconf 85' lang='lat' dir='ltr'>ln</span> <span class='ocrx_word' id='word_1_522' title='bbox 1327 3726 1422 3778; x_wconf 83' lang='lat' dir='ltr'>casm,</span> <span class='ocrx_word' id='word_1_523' title='bbox 1436 3711 1538 3783; x_wconf 71' lang='lat' dir='ltr'>inanit,</span> <span class='ocrx_word' id='word_1_524' title='bbox 1553 3713 1596 3767; x_wconf 87' lang='lat' dir='ltr'>ubi</span> <span class='ocrx_word' id='word_1_525' title='bbox 1608 3730 1686 3784; x_wconf 84' lang='lat' dir='ltr'>super</span> <span class='ocrx_word' id='word_1_526' title='bbox 1705 3713 1856 3785; x_wconf 67' lang='lat' dir='ltr'>sanquinem</span> <span class='ocrx_word' id='word_1_527' title='bbox 1868 3713 1964 3766; x_wconf 76' lang='lat' dir='ltr'>huns·</span> 
     </span>
     <span class='ocr_line' id='line_1_38' title="bbox 310 3797 1967 3880; baseline -0.001 -17"><span class='ocrx_word' id='word_1_528' title='bbox 310 3823 359 3880; x_wconf 84' lang='lat' dir='ltr'>pra</span> <span class='ocrx_word' id='word_1_529' title='bbox 373 3809 442 3861; x_wconf 85' lang='lat' dir='ltr'>mala</span> <span class='ocrx_word' id='word_1_530' title='bbox 458 3823 535 3862; x_wconf 84' lang='lat' dir='ltr'>aurea</span> <span class='ocrx_word' id='word_1_531' title='bbox 549 3803 714 3875; x_wconf 68' lang='lat' dir='ltr'>adipiscendo</span> <span class='ocrx_word' id='word_1_532' title='bbox 726 3802 798 3872; x_wconf 85' lang='lat' dir='ltr'>apud</span> <span class='ocrx_word' id='word_1_533' title='bbox 805 3800 920 3872; x_wconf 80' lang='lat' dir='ltr'>judicem</span> <span class='ocrx_word' id='word_1_534' title='bbox 934 3797 1057 3854; x_wconf 83' lang='lat' dir='ltr'>Paridem</span> <span class='ocrx_word' id='word_1_535' title='bbox 1078 3799 1111 3853; x_wconf 82' lang='lat' dir='ltr'>ds</span> <span class='ocrx_word' id='word_1_536' title='bbox 1162 3819 1241 3871; x_wconf 88' lang='lat' dir='ltr'>num,</span> <span class='ocrx_word' id='word_1_537' title='bbox 1255 3821 1332 3877; x_wconf 84' lang='lat' dir='ltr'>super</span> <span class='ocrx_word' id='word_1_538' title='bbox 1345 3806 1539 3878; x_wconf 81' lang='lat' dir='ltr'>inquinamenta</span> <span class='ocrx_word' id='word_1_539' title='bbox 1552 3823 1685 3878; x_wconf 85' lang='lat' dir='ltr'>poenursun</span> <span class='ocrx_word' id='word_1_540' title='bbox 1699 3807 1806 3878; x_wconf 75' lang='lat' dir='ltr'>mainus</span> <span class='ocrx_word' id='word_1_541' title='bbox 1817 3808 1912 3862; x_wconf 80' lang='lat' dir='ltr'>saltant</span> <span class='ocrx_word' id='word_1_542' title='bbox 1924 3807 1967 3862; x_wconf 79' lang='lat' dir='ltr'>dii</span> 
     </span>
     <span class='ocr_line' id='line_1_39' title="bbox 310 3890 1966 3972; baseline -0.007 -17"><span class='ocrx_word' id='word_1_543' title='bbox 310 3900 511 3972; x_wconf 79' lang='lat' dir='ltr'>pulchritudinis</span> <span class='ocrx_word' id='word_1_544' title='bbox 525 3897 674 3954; x_wconf 72' lang='lat' dir='ltr'>melenae</span> <span class='ocrx_word' id='word_1_545' title='bbox 687 3904 796 3950; x_wconf 77' lang='lat' dir='ltr'>certasse</span> <span class='ocrx_word' id='word_1_546' title='bbox 809 3901 957 3957; x_wconf 77' lang='lat' dir='ltr'>nurmatur,</span> <span class='ocrx_word' id='word_1_547' title='bbox 966 3899 989 3946; x_wconf 90' lang='lat' dir='ltr'>et</span> <span class='ocrx_word' id='word_1_548' title='bbox 1002 3890 1037 3945; x_wconf 87' lang='lat' dir='ltr'>ad</span> <span class='ocrx_word' id='word_1_549' title='bbox 1047 3890 1110 3959; x_wconf 85' lang='lat' dir='ltr'>pla·</span> <span class='ocrx_word' id='word_1_550' title='bbox 1161 3898 1254 3965; x_wconf 61' lang='lat' dir='ltr'>onom,</span> <span class='ocrx_word' id='word_1_551' title='bbox 1267 3908 1418 3970; x_wconf 58' lang='lat' dir='ltr'>aspamam</span> <span class='ocrx_word' id='word_1_552' title='bbox 1432 3910 1455 3955; x_wconf 62' lang='lat' dir='ltr'>oo</span> <span class='ocrx_word' id='word_1_553' title='bbox 1475 3900 1595 3957; x_wconf 59' lang='lat' dir='ltr'>olitorio,</span> <span class='ocrx_word' id='word_1_554' title='bbox 1608 3902 1692 3957; x_wconf 60' lang='lat' dir='ltr'>„pom</span> <span class='ocrx_word' id='word_1_555' title='bbox 1706 3901 1898 3967; x_wconf 58' lang='lat' dir='ltr'>maurorum,</span> <span class='ocrx_word' id='word_1_556' title='bbox 1911 3900 1966 3955; x_wconf 55' lang='lat' dir='ltr'>oia</span> 
     </span>
     <span class='ocr_line' id='line_1_40' title="bbox 309 3982 1961 4066; baseline -0.005 -10"><span class='ocrx_word' id='word_1_557' title='bbox 309 3992 405 4048; x_wconf 64' lang='lat' dir='ltr'>callot</span> <span class='ocrx_word' id='word_1_558' title='bbox 419 3991 487 4047; x_wconf 60' lang='lat' dir='ltr'>ludit</span> <span class='ocrx_word' id='word_1_559' title='bbox 503 3991 579 4056; x_wconf 66' lang='lat'><strong>(¹2⁰⁸,</strong></span> <span class='ocrx_word' id='word_1_560' title='bbox 590 3989 633 4060; x_wconf 75' lang='lat' dir='ltr'>‘lbi</span> <span class='ocrx_word' id='word_1_561' title='bbox 652 3986 811 4044; x_wconf 56' lang='lat' dir='ltr'>‘selemim&#39;</span> <span class='ocrx_word' id='word_1_562' title='bbox 822 4000 867 4042; x_wconf 57' lang='grc' dir='ltr'>*ω</span> <span class='ocrx_word' id='word_1_563' title='bbox 880 3984 964 4052; x_wconf 56' lang='lat' dir='ltr'>”mla</span> <span class='ocrx_word' id='word_1_564' title='bbox 978 3999 1024 4039; x_wconf 74' lang='lat'>⁸⁶⁸⁸</span> <span class='ocrx_word' id='word_1_565' title='bbox 1036 3982 1110 4054; x_wconf 56' lang='lat' dir='ltr'>[⁶¹⁸st</span> <span class='ocrx_word' id='word_1_566' title='bbox 1161 3990 1231 4061; x_wconf 78' lang='lat' dir='ltr'>quad</span> <span class='ocrx_word' id='word_1_567' title='bbox 1240 4000 1264 4045; x_wconf 88' lang='lat' dir='ltr'>el</span> <span class='ocrx_word' id='word_1_568' title='bbox 1277 3991 1347 4061; x_wconf 86' lang='lat' dir='ltr'>ipsos</span> <span class='ocrx_word' id='word_1_569' title='bbox 1359 3992 1420 4049; x_wconf 86' lang='lat' dir='ltr'>deas</span> <span class='ocrx_word' id='word_1_570' title='bbox 1441 4002 1535 4049; x_wconf 83' lang='lat' dir='ltr'>uestrm</span> <span class='ocrx_word' id='word_1_571' title='bbox 1555 4009 1623 4064; x_wconf 80' lang='lat' dir='ltr'>slepe</span> <span class='ocrx_word' id='word_1_572' title='bbox 1639 3995 1709 4050; x_wconf 76' lang='lat' dir='ltr'>aonii</span> <span class='ocrx_word' id='word_1_573' title='bbox 1728 3994 1839 4049; x_wconf 84' lang='lat' dir='ltr'>indurans</span> <span class='ocrx_word' id='word_1_574' title='bbox 1857 3992 1961 4066; x_wconf 67' lang='lat' dir='ltr'>(iden,</span> 
     </span>
     <span class='ocr_line' id='line_1_41' title="bbox 308 4075 1965 4158; baseline 0.002 -21"><span class='ocrx_word' id='word_1_575' title='bbox 308 4085 365 4140; x_wconf 87' lang='lat' dir='ltr'>istis</span> <span class='ocrx_word' id='word_1_576' title='bbox 376 4082 524 4139; x_wconf 81' lang='lat' dir='ltr'>criminibus</span> <span class='ocrx_word' id='word_1_577' title='bbox 535 4099 545 4148; x_wconf 92' lang='lat'>,·</span> <span class='ocrx_word' id='word_1_578' title='bbox 556 4082 621 4136; x_wconf 81' lang='lat' dir='ltr'>irater</span> <span class='ocrx_word' id='word_1_579' title='bbox 635 4078 771 4134; x_wconf 85' lang='lat' dir='ltr'>theatricas</span> <span class='ocrx_word' id='word_1_580' title='bbox 786 4088 870 4131; x_wconf 88' lang='lat' dir='ltr'>tasneu</span> <span class='ocrx_word' id='word_1_581' title='bbox 885 4075 992 4147; x_wconf 84' lang='lat' dir='ltr'>plausus</span> <span class='ocrx_word' id='word_1_582' title='bbox 1002 4083 1111 4128; x_wconf 83' lang='lat' dir='ltr'>eontan-</span> <span class='ocrx_word' id='word_1_583' title='bbox 1162 4080 1284 4154; x_wconf 68' lang='lat' dir='ltr'>Apolep„</span> <span class='ocrx_word' id='word_1_584' title='bbox 1296 4099 1320 4138; x_wconf 85' lang='lat' dir='ltr'>e.</span> <span class='ocrx_word' id='word_1_585' title='bbox 1335 4082 1392 4150; x_wconf 77' lang='lat' dir='ltr'>XV,</span> <span class='ocrx_word' id='word_1_586' title='bbox 1402 4101 1430 4155; x_wconf 82' lang='lat' dir='ltr'>p.</span> <span class='ocrx_word' id='word_1_587' title='bbox 1442 4086 1505 4154; x_wconf 78' lang='lat' dir='ltr'>sut,</span> <span class='ocrx_word' id='word_1_588' title='bbox 1515 4095 1539 4141; x_wconf 84' lang='lat' dir='ltr'>et</span> <span class='ocrx_word' id='word_1_589' title='bbox 1552 4085 1596 4141; x_wconf 87' lang='lat' dir='ltr'>lib.</span> <span class='ocrx_word' id='word_1_590' title='bbox 1609 4085 1617 4140; x_wconf 94' lang='lat' dir='ltr'>l</span> <span class='ocrx_word' id='word_1_591' title='bbox 1628 4087 1664 4141; x_wconf 83' lang='lat' dir='ltr'>ad</span> <span class='ocrx_word' id='word_1_592' title='bbox 1673 4085 1739 4140; x_wconf 88' lang='lat' dir='ltr'>Nul.</span> <span class='ocrx_word' id='word_1_593' title='bbox 1750 4088 1799 4142; x_wconf 86' lang='lat' dir='ltr'>los.</span> <span class='ocrx_word' id='word_1_594' title='bbox 1814 4088 1858 4141; x_wconf 86' lang='lat' dir='ltr'>eis.</span> <span class='ocrx_word' id='word_1_595' title='bbox 1867 4087 1889 4158; x_wconf 95' lang='grc'>).</span> <span class='ocrx_word' id='word_1_596' title='bbox 1898 4085 1965 4155; x_wconf 82' lang='lat' dir='ltr'>Qui·</span> 
     </span>
     <span class='ocr_line' id='line_1_42' title="bbox 311 4164 1966 4250; baseline 0.005 -23"><span class='ocrx_word' id='word_1_597' title='bbox 311 4172 693 4246; x_wconf 68' lang='lat' dir='ltr'>turatauesnilaaturidupusl.</span> <span class='ocrx_word' id='word_1_598' title='bbox 705 4169 750 4225; x_wconf 83' lang='lat' dir='ltr'>tit.</span> <span class='ocrx_word' id='word_1_599' title='bbox 768 4165 852 4225; x_wconf 79' lang='lat' dir='ltr'>littll</span> <span class='ocrx_word' id='word_1_600' title='bbox 866 4167 898 4222; x_wconf 87' lang='lat' dir='ltr'>de</span> <span class='ocrx_word' id='word_1_601' title='bbox 908 4164 1063 4236; x_wconf 65' lang='lat' dir='ltr'>clitumno</span> <span class='ocrx_word' id='word_1_602' title='bbox 1073 4164 1108 4233; x_wconf 82' lang='lat' dir='ltr'>X,</span> <span class='ocrx_word' id='word_1_603' title='bbox 1161 4167 1214 4229; x_wconf 90' lang='lat' dir='ltr'>bus</span> <span class='ocrx_word' id='word_1_604' title='bbox 1232 4173 1277 4229; x_wconf 85' lang='lat' dir='ltr'>isse</span> <span class='ocrx_word' id='word_1_605' title='bbox 1297 4174 1387 4232; x_wconf 79' lang='lat' dir='ltr'>verbis</span> <span class='ocrx_word' id='word_1_606' title='bbox 1408 4177 1541 4248; x_wconf 71' lang='lat' dir='ltr'>siguificat</span> <span class='ocrx_word' id='word_1_607' title='bbox 1553 4177 1798 4250; x_wconf 75' lang='lat' dir='ltr'>postssiadialorum</span> <span class='ocrx_word' id='word_1_608' title='bbox 1810 4187 1966 4244; x_wconf 69' lang='lat' dir='ltr'>eertamoe,</span> 
     </span>
     <span class='ocr_line' id='line_1_43' title="bbox 308 4258 1964 4341; baseline 0.004 -20"><span class='ocrx_word' id='word_1_609' title='bbox 308 4283 371 4339; x_wconf 67' lang='lat' dir='ltr'>ouo.</span> <span class='ocrx_word' id='word_1_610' title='bbox 385 4266 438 4323; x_wconf 74' lang='lat' dir='ltr'>titi</span> <span class='ocrx_word' id='word_1_611' title='bbox 447 4267 468 4339; x_wconf 80' lang='grc'>).</span> <span class='ocrx_word' id='word_1_612' title='bbox 483 4269 571 4335; x_wconf 82' lang='lat' dir='ltr'>Alone</span> <span class='ocrx_word' id='word_1_613' title='bbox 585 4266 637 4332; x_wconf 89' lang='lat' dir='ltr'>ita,</span> <span class='ocrx_word' id='word_1_614' title='bbox 650 4263 688 4319; x_wconf 83' lang='lat' dir='ltr'>sit</span> <span class='ocrx_word' id='word_1_615' title='bbox 701 4265 801 4318; x_wconf 86' lang='lat' dir='ltr'>Auctor</span> <span class='ocrx_word' id='word_1_616' title='bbox 815 4268 916 4326; x_wconf 86' lang='lat' dir='ltr'>noster,</span> <span class='ocrx_word' id='word_1_617' title='bbox 928 4258 1042 4315; x_wconf 76' lang='lat' dir='ltr'>demum</span> <span class='ocrx_word' id='word_1_618' title='bbox 1054 4274 1111 4314; x_wconf 90' lang='lat' dir='ltr'>ma·</span> <span class='ocrx_word' id='word_1_619' title='bbox 1163 4264 1368 4338; x_wconf 87' lang='lat' dir='ltr'>pantomimum,</span> <span class='ocrx_word' id='word_1_620' title='bbox 1391 4277 1499 4339; x_wconf 88' lang='lat' dir='ltr'>sumpta</span> <span class='ocrx_word' id='word_1_621' title='bbox 1512 4268 1555 4338; x_wconf 85' lang='lat' dir='ltr'>dej</span> <span class='ocrx_word' id='word_1_622' title='bbox 1569 4270 1682 4341; x_wconf 71' lang='lat' dir='ltr'>alieuius</span> <span class='ocrx_word' id='word_1_623' title='bbox 1697 4268 1770 4325; x_wconf 82' lang='lat' dir='ltr'>larsa</span> <span class='ocrx_word' id='word_1_624' title='bbox 1786 4286 1819 4326; x_wconf 90' lang='lat' dir='ltr'>ac</span> <span class='ocrx_word' id='word_1_625' title='bbox 1833 4285 1964 4341; x_wconf 82' lang='lat' dir='ltr'>persona,</span> 
     </span>
     <span class='ocr_line' id='line_1_44' title="bbox 308 4349 1966 4433; baseline 0.002 -18"><span class='ocrx_word' id='word_1_626' title='bbox 308 4360 404 4432; x_wconf 81' lang='lat' dir='ltr'>justos,</span> <span class='ocrx_word' id='word_1_627' title='bbox 417 4357 533 4415; x_wconf 59' lang='lat' dir='ltr'>manicis</span> <span class='ocrx_word' id='word_1_628' title='bbox 547 4371 601 4413; x_wconf 92' lang='lat' dir='ltr'>nou</span> <span class='ocrx_word' id='word_1_629' title='bbox 615 4355 696 4411; x_wconf 90' lang='lat' dir='ltr'>modo</span> <span class='ocrx_word' id='word_1_630' title='bbox 708 4371 759 4410; x_wconf 89' lang='lat' dir='ltr'>uon</span> <span class='ocrx_word' id='word_1_631' title='bbox 773 4351 974 4408; x_wconf 71' lang='lat' dir='ltr'>anianensibus</span> <span class='ocrx_word' id='word_1_632' title='bbox 988 4349 1110 4421; x_wconf 73' lang='lat' dir='ltr'>(Tutul-</span> <span class='ocrx_word' id='word_1_633' title='bbox 1161 4353 1339 4413; x_wconf 88' lang='lat' dir='ltr'>descendisse</span> <span class='ocrx_word' id='word_1_634' title='bbox 1351 4355 1378 4412; x_wconf 90' lang='lat' dir='ltr'>in</span> <span class='ocrx_word' id='word_1_635' title='bbox 1388 4373 1516 4426; x_wconf 87' lang='lat' dir='ltr'>arenam,</span> <span class='ocrx_word' id='word_1_636' title='bbox 1532 4369 1560 4416; x_wconf 87' lang='lat' dir='ltr'>et</span> <span class='ocrx_word' id='word_1_637' title='bbox 1572 4360 1686 4417; x_wconf 88' lang='lat' dir='ltr'>saltasse</span> <span class='ocrx_word' id='word_1_638' title='bbox 1696 4375 1776 4432; x_wconf 87' lang='lat' dir='ltr'>supra</span> <span class='ocrx_word' id='word_1_639' title='bbox 1789 4376 1903 4433; x_wconf 80' lang='lat' dir='ltr'>corpora</span> <span class='ocrx_word' id='word_1_640' title='bbox 1912 4375 1966 4418; x_wconf 86' lang='lat' dir='ltr'>ae·</span> 
     </span>
     <span class='ocr_line' id='line_1_45' title="bbox 309 4444 1964 4523; baseline 0.001 -16"><span class='ocrx_word' id='word_1_641' title='bbox 309 4452 373 4507; x_wconf 86' lang='lat' dir='ltr'>lisa.</span> <span class='ocrx_word' id='word_1_642' title='bbox 384 4450 532 4523; x_wconf 68' lang='lat' dir='ltr'>Apotapet,</span> <span class='ocrx_word' id='word_1_643' title='bbox 547 4466 606 4522; x_wconf 85' lang='lat' dir='ltr'>cap.</span> <span class='ocrx_word' id='word_1_644' title='bbox 617 4446 677 4514; x_wconf 81' lang='lat' dir='ltr'>att,</span> <span class='ocrx_word' id='word_1_645' title='bbox 689 4465 753 4522; x_wconf 76' lang='lat' dir='ltr'>pao.</span> <span class='ocrx_word' id='word_1_646' title='bbox 769 4446 846 4519; x_wconf 73' lang='lat'>559),</span> <span class='ocrx_word' id='word_1_647' title='bbox 860 4445 908 4503; x_wconf 91' lang='lat' dir='ltr'>sed</span> <span class='ocrx_word' id='word_1_648' title='bbox 923 4445 1016 4512; x_wconf 90' lang='lat' dir='ltr'>etiam,</span> <span class='ocrx_word' id='word_1_649' title='bbox 1030 4444 1110 4510; x_wconf 85' lang='lat' dir='ltr'>sicuti</span> <span class='ocrx_word' id='word_1_650' title='bbox 1162 4445 1291 4514; x_wconf 88' lang='lat' dir='ltr'>cisaram,</span> <span class='ocrx_word' id='word_1_651' title='bbox 1304 4457 1349 4503; x_wconf 90' lang='lat' dir='ltr'>ant</span> <span class='ocrx_word' id='word_1_652' title='bbox 1363 4450 1480 4506; x_wconf 88' lang='lat' dir='ltr'>animam</span> <span class='ocrx_word' id='word_1_653' title='bbox 1492 4450 1687 4519; x_wconf 80' lang='lat' dir='ltr'>exhalantium,</span> <span class='ocrx_word' id='word_1_654' title='bbox 1702 4452 1848 4519; x_wconf 80' lang='lat' dir='ltr'>noxiorum,</span> <span class='ocrx_word' id='word_1_655' title='bbox 1865 4451 1964 4520; x_wconf 85' lang='lat' dir='ltr'>idest,</span> 
     </span>
     <span class='ocr_line' id='line_1_46' title="bbox 308 4537 1965 4616; baseline 0.002 -16"><span class='ocrx_word' id='word_1_656' title='bbox 308 4545 338 4605; x_wconf 89' lang='lat' dir='ltr'>in</span> <span class='ocrx_word' id='word_1_657' title='bbox 352 4545 470 4601; x_wconf 91' lang='lat' dir='ltr'>editione</span> <span class='ocrx_word' id='word_1_658' title='bbox 484 4542 597 4616; x_wconf 68' lang='lat' dir='ltr'>Regaltii</span> <span class='ocrx_word' id='word_1_659' title='bbox 613 4543 720 4614; x_wconf 76' lang='lat' dir='ltr'>legitur,</span> <span class='ocrx_word' id='word_1_660' title='bbox 740 4540 939 4613; x_wconf 84' lang='lat' dir='ltr'>plaudentibus,</span> <span class='ocrx_word' id='word_1_661' title='bbox 960 4540 989 4596; x_wconf 93' lang='lat' dir='ltr'>in</span> <span class='ocrx_word' id='word_1_662' title='bbox 1009 4538 1110 4595; x_wconf 74' lang='lat' dir='ltr'>arauris</span> <span class='ocrx_word' id='word_1_663' title='bbox 1160 4537 1267 4594; x_wconf 89' lang='lat' dir='ltr'>illorum</span> <span class='ocrx_word' id='word_1_664' title='bbox 1282 4540 1341 4610; x_wconf 81' lang='lat' dir='ltr'>quai,</span> <span class='ocrx_word' id='word_1_665' title='bbox 1356 4540 1391 4597; x_wconf 93' lang='lat' dir='ltr'>ob</span> <span class='ocrx_word' id='word_1_666' title='bbox 1405 4542 1518 4598; x_wconf 89' lang='lat' dir='ltr'>crimina</span> <span class='ocrx_word' id='word_1_667' title='bbox 1533 4558 1581 4600; x_wconf 90' lang='lat' dir='ltr'>sua</span> <span class='ocrx_word' id='word_1_668' title='bbox 1592 4544 1776 4608; x_wconf 89' lang='lat' dir='ltr'>condemnati,</span> <span class='ocrx_word' id='word_1_669' title='bbox 1790 4560 1852 4602; x_wconf 85' lang='lat' dir='ltr'>erun</span> <span class='ocrx_word' id='word_1_670' title='bbox 1865 4544 1965 4603; x_wconf 86' lang='lat' dir='ltr'>bestiis</span> 
     </span>
     <span class='ocr_line' id='line_1_47' title="bbox 308 4628 1966 4728; baseline 0.001 -35"><span class='ocrx_word' id='word_1_671' title='bbox 308 4652 375 4694; x_wconf 78' lang='lat' dir='ltr'>uero</span> <span class='ocrx_word' id='word_1_672' title='bbox 386 4635 567 4703; x_wconf 89' lang='lat' dir='ltr'>membranis,</span> <span class='ocrx_word' id='word_1_673' title='bbox 581 4633 739 4705; x_wconf 78' lang='lat' dir='ltr'>stantionis</span> <span class='ocrx_word' id='word_1_674' title='bbox 753 4632 935 4700; x_wconf 88' lang='lat' dir='ltr'>editionibus,</span> <span class='ocrx_word' id='word_1_675' title='bbox 948 4645 980 4687; x_wconf 87' lang='lat' dir='ltr'>ae</span> <span class='ocrx_word' id='word_1_676' title='bbox 990 4630 1060 4686; x_wconf 89' lang='lat' dir='ltr'>libro</span> <span class='ocrx_word' id='word_1_677' title='bbox 1074 4629 1108 4685; x_wconf 91' lang='lat' dir='ltr'>ad</span> <span class='ocrx_word' id='word_1_678' title='bbox 1121 4666 1148 4728; x_wconf 76' lang='lat' dir='ltr'><strong>D</strong></span> <span class='ocrx_word' id='word_1_679' title='bbox 1162 4628 1300 4687; x_wconf 87' lang='lat' dir='ltr'>decertare</span> <span class='ocrx_word' id='word_1_680' title='bbox 1311 4631 1486 4703; x_wconf 71' lang='lat' dir='ltr'>cogebantur.</span> <span class='ocrx_word' id='word_1_681' title='bbox 1502 4633 1549 4692; x_wconf 86' lang='lat' dir='ltr'>bie</span> <span class='ocrx_word' id='word_1_682' title='bbox 1571 4649 1648 4707; x_wconf 73' lang='lat' dir='ltr'>ergo,</span> <span class='ocrx_word' id='word_1_683' title='bbox 1666 4650 1747 4707; x_wconf 82' lang='lat' dir='ltr'>onam</span> <span class='ocrx_word' id='word_1_684' title='bbox 1766 4635 1909 4706; x_wconf 87' lang='lat' dir='ltr'>pulchrum</span> <span class='ocrx_word' id='word_1_685' title='bbox 1929 4651 1966 4695; x_wconf 82' lang='lat' dir='ltr'>su</span> 
     </span>
     <span class='ocr_line' id='line_1_48' title="bbox 307 4719 1963 4801; baseline 0 -14"><span class='ocrx_word' id='word_1_686' title='bbox 307 4729 436 4787; x_wconf 88' lang='lat' dir='ltr'>Nationes</span> <span class='ocrx_word' id='word_1_687' title='bbox 451 4725 738 4801; x_wconf 75' lang='lat' dir='ltr'>letantibusltib.larl</span> <span class='ocrx_word' id='word_1_688' title='bbox 752 4723 874 4793; x_wconf 83' lang='lat' dir='ltr'>Notion,</span> <span class='ocrx_word' id='word_1_689' title='bbox 892 4740 917 4778; x_wconf 87' lang='lat' dir='ltr'>a.</span> <span class='ocrx_word' id='word_1_690' title='bbox 930 4719 966 4792; x_wconf 82' lang='lat' dir='ltr'>X,</span> <span class='ocrx_word' id='word_1_691' title='bbox 984 4741 1011 4794; x_wconf 84' lang='lat' dir='ltr'>p.</span> <span class='ocrx_word' id='word_1_692' title='bbox 1030 4721 1107 4792; x_wconf 80' lang='lat'>576),</span> <span class='ocrx_word' id='word_1_693' title='bbox 1163 4725 1237 4796; x_wconf 92' lang='lat' dir='ltr'>pium</span> <span class='ocrx_word' id='word_1_694' title='bbox 1251 4725 1398 4784; x_wconf 83' lang='lat' dir='ltr'>eratdeum</span> <span class='ocrx_word' id='word_1_695' title='bbox 1418 4728 1739 4799; x_wconf 83' lang='lat' dir='ltr'>personatumcurnidcis</span> <span class='ocrx_word' id='word_1_696' title='bbox 1760 4728 1833 4799; x_wconf 72' lang='lat' dir='ltr'>iungi</span> <span class='ocrx_word' id='word_1_697' title='bbox 1852 4727 1963 4800; x_wconf 86' lang='lat' dir='ltr'>oilieio,</span> 
     </span>
     <span class='ocr_line' id='line_1_49' title="bbox 313 4818 1963 4890; baseline 0.001 -13"><span class='ocrx_word' id='word_1_698' title='bbox 313 4820 466 4878; x_wconf 84' lang='lat' dir='ltr'>violabatur</span> <span class='ocrx_word' id='word_1_699' title='bbox 478 4831 507 4877; x_wconf 89' lang='lat' dir='ltr'>et</span> <span class='ocrx_word' id='word_1_700' title='bbox 525 4818 759 4890; x_wconf 84' lang='lat' dir='ltr'>constuprabatur.</span> <span class='ocrx_word' id='word_1_701' title='bbox 1158 4825 1205 4873; x_wconf 87' lang='lat' dir='ltr'>ant</span> <span class='ocrx_word' id='word_1_702' title='bbox 1222 4832 1331 4874; x_wconf 87' lang='lat' dir='ltr'>reorum</span> <span class='ocrx_word' id='word_1_703' title='bbox 1348 4819 1468 4877; x_wconf 88' lang='lat' dir='ltr'>abestiis</span> <span class='ocrx_word' id='word_1_704' title='bbox 1480 4819 1630 4878; x_wconf 74' lang='lat' dir='ltr'>acdeorum</span> <span class='ocrx_word' id='word_1_705' title='bbox 1644 4819 1821 4879; x_wconf 84' lang='lat' dir='ltr'>cadaveribus</span> <span class='ocrx_word' id='word_1_706' title='bbox 1834 4819 1963 4879; x_wconf 73' lang='lat' dir='ltr'>illudere.</span> 
     </span>
    </p>

    <p class='ocr_par' dir='ltr' id='par_1_9' title="bbox 260 4907 1967 5728">
     <span class='ocr_line' id='line_1_50' title="bbox 344 4907 1963 4992; baseline 0.001 -21"><span class='ocrx_word' id='word_1_707' title='bbox 344 4914 428 4985; x_wconf 72' lang='lat' dir='ltr'>Urget</span> <span class='ocrx_word' id='word_1_708' title='bbox 439 4912 623 4970; x_wconf 85' lang='lat' dir='ltr'>Tertullianus</span> <span class='ocrx_word' id='word_1_709' title='bbox 635 4910 739 4984; x_wconf 67' lang='lat' dir='ltr'>libini:</span> <span class='ocrx_word' id='word_1_710' title='bbox 756 4910 843 4979; x_wconf 82' lang='lat' dir='ltr'>Quid,</span> <span class='ocrx_word' id='word_1_711' title='bbox 858 4909 926 4980; x_wconf 80' lang='lat' dir='ltr'>quod</span> <span class='ocrx_word' id='word_1_712' title='bbox 936 4909 947 4983; x_wconf 75' lang='lat' dir='ltr'>l</span> <span class='ocrx_word' id='word_1_713' title='bbox 958 4907 1107 4990; x_wconf 80' lang='lat' dir='ltr'>austrico-</span> <span class='ocrx_word' id='word_1_714' title='bbox 1194 4909 1278 4967; x_wconf 81' lang='lat' dir='ltr'>Neam</span> <span class='ocrx_word' id='word_1_715' title='bbox 1293 4919 1383 4992; x_wconf 80' lang='lat' dir='ltr'>sutem</span> <span class='ocrx_word' id='word_1_716' title='bbox 1398 4912 1463 4971; x_wconf 89' lang='lat' dir='ltr'>illud</span> <span class='ocrx_word' id='word_1_717' title='bbox 1477 4914 1512 4971; x_wconf 91' lang='lat' dir='ltr'>ab</span> <span class='ocrx_word' id='word_1_718' title='bbox 1537 4915 1654 4972; x_wconf 86' lang='lat' dir='ltr'>Auctore</span> <span class='ocrx_word' id='word_1_719' title='bbox 1678 4923 1771 4971; x_wconf 90' lang='lat' dir='ltr'>nostro</span> <span class='ocrx_word' id='word_1_720' title='bbox 1792 4914 1885 4970; x_wconf 84' lang='lat' dir='ltr'>detrun</span> <span class='ocrx_word' id='word_1_721' title='bbox 1913 4913 1963 4973; x_wconf 77' lang='lat' dir='ltr'>rel</span> 
     </span>
     <span class='ocr_line' id='line_1_51' title="bbox 260 4998 1965 5078; baseline 0.002 -17"><span class='ocrx_word' id='word_1_722' title='bbox 260 5041 263 5046; x_wconf 55' lang='lat'>&lt;</span> <span class='ocrx_word' id='word_1_723' title='bbox 305 5006 380 5063; x_wconf 90' lang='lat' dir='ltr'>dices</span> <span class='ocrx_word' id='word_1_724' title='bbox 402 5004 573 5077; x_wconf 89' lang='lat' dir='ltr'>manuscripti</span> <span class='ocrx_word' id='word_1_725' title='bbox 589 5011 617 5059; x_wconf 85' lang='lat' dir='ltr'>et</span> <span class='ocrx_word' id='word_1_726' title='bbox 630 5002 745 5073; x_wconf 78' lang='lat' dir='ltr'>antiquae</span> <span class='ocrx_word' id='word_1_727' title='bbox 758 5001 900 5068; x_wconf 88' lang='lat' dir='ltr'>editiones,</span> <span class='ocrx_word' id='word_1_728' title='bbox 914 4998 1107 5074; x_wconf 73' lang='lat' dir='ltr'>ipsumtimaaa</span> <span class='ocrx_word' id='word_1_729' title='bbox 1158 5011 1350 5074; x_wconf 70' lang='lat' dir='ltr'>exaggeratum</span> <span class='ocrx_word' id='word_1_730' title='bbox 1364 5005 1598 5077; x_wconf 71' lang='lat' dir='ltr'>potarenuquod</span> <span class='ocrx_word' id='word_1_731' title='bbox 1611 5006 1669 5078; x_wconf 90' lang='lat' dir='ltr'>ipse</span> <span class='ocrx_word' id='word_1_732' title='bbox 1683 5006 1796 5063; x_wconf 88' lang='lat' dir='ltr'>suismet</span> <span class='ocrx_word' id='word_1_733' title='bbox 1808 5006 1965 5064; x_wconf 57' lang='lat' dir='ltr'>oeulissb</span> 
     </span>
     <span class='ocr_line' id='line_1_52' title="bbox 306 5091 1966 5170; baseline 0.001 -19"><span class='ocrx_word' id='word_1_734' title='bbox 306 5098 349 5152; x_wconf 88' lang='lat' dir='ltr'>dei</span> <span class='ocrx_word' id='word_1_735' title='bbox 362 5097 436 5152; x_wconf 86' lang='lat' dir='ltr'>uestri</span> <span class='ocrx_word' id='word_1_736' title='bbox 450 5092 820 5168; x_wconf 73' lang='lat' dir='ltr'>ianuariniasissimumlidem</span> <span class='ocrx_word' id='word_1_737' title='bbox 841 5091 1013 5161; x_wconf 86' lang='lat' dir='ltr'>aliicodiees,</span> <span class='ocrx_word' id='word_1_738' title='bbox 1028 5093 1105 5165; x_wconf 77' lang='lat' dir='ltr'>iona·</span> <span class='ocrx_word' id='word_1_739' title='bbox 1157 5094 1219 5168; x_wconf 90' lang='lat' dir='ltr'>pius</span> <span class='ocrx_word' id='word_1_740' title='bbox 1242 5094 1341 5154; x_wconf 83' lang='lat' dir='ltr'>uidisse</span> <span class='ocrx_word' id='word_1_741' title='bbox 1371 5096 1554 5155; x_wconf 88' lang='lat' dir='ltr'>testillcatur:</span> <span class='ocrx_word' id='word_1_742' title='bbox 1575 5096 1708 5168; x_wconf 84' lang='lat' dir='ltr'>Vidimus,</span> <span class='ocrx_word' id='word_1_743' title='bbox 1736 5098 1792 5166; x_wconf 87' lang='lat' dir='ltr'>ait,</span> <span class='ocrx_word' id='word_1_744' title='bbox 1817 5099 1966 5170; x_wconf 75' lang='lat' dir='ltr'>uliqsndo</span> 
     </span>
     <span class='ocr_line' id='line_1_53' title="bbox 304 5182 1965 5267; baseline 0.002 -23"><span class='ocrx_word' id='word_1_745' title='bbox 304 5189 465 5261; x_wconf 84' lang='lat' dir='ltr'>minimum)</span> <span class='ocrx_word' id='word_1_746' title='bbox 484 5196 561 5258; x_wconf 85' lang='lat' dir='ltr'>caput</span> <span class='ocrx_word' id='word_1_747' title='bbox 585 5198 607 5242; x_wconf 90' lang='lat' dir='ltr'>et</span> <span class='ocrx_word' id='word_1_748' title='bbox 622 5189 749 5259; x_wconf 70' lang='lat' dir='ltr'>summum</span> <span class='ocrx_word' id='word_1_749' title='bbox 769 5185 849 5240; x_wconf 77' lang='lat' dir='ltr'>untia</span> <span class='ocrx_word' id='word_1_750' title='bbox 874 5185 903 5240; x_wconf 91' lang='lat' dir='ltr'>lu</span> <span class='ocrx_word' id='word_1_751' title='bbox 930 5182 998 5241; x_wconf 91' lang='lat' dir='ltr'>libro</span> <span class='ocrx_word' id='word_1_752' title='bbox 1015 5194 1105 5241; x_wconf 88' lang='lat' dir='ltr'>autem</span> <span class='ocrx_word' id='word_1_753' title='bbox 1156 5187 1346 5267; x_wconf 62' lang='lat' dir='ltr'>(Turullium,</span> <span class='ocrx_word' id='word_1_754' title='bbox 1361 5190 1490 5263; x_wconf 80' lang='lat' dir='ltr'>ibidem);</span> <span class='ocrx_word' id='word_1_755' title='bbox 1506 5201 1534 5248; x_wconf 89' lang='lat' dir='ltr'>et</span> <span class='ocrx_word' id='word_1_756' title='bbox 1548 5191 1576 5248; x_wconf 92' lang='lat' dir='ltr'>in</span> <span class='ocrx_word' id='word_1_757' title='bbox 1593 5193 1662 5250; x_wconf 90' lang='lat' dir='ltr'>libro</span> <span class='ocrx_word' id='word_1_758' title='bbox 1682 5192 1717 5248; x_wconf 86' lang='lat' dir='ltr'>ad</span> <span class='ocrx_word' id='word_1_759' title='bbox 1740 5192 1892 5249; x_wconf 87' lang='lat' dir='ltr'>Nationes:</span> <span class='ocrx_word' id='word_1_760' title='bbox 1910 5189 1965 5248; x_wconf 82' lang='lat' dir='ltr'>b&#39;s&#39;·</span> 
     </span>
     <span class='ocr_line' id='line_1_54' title="bbox 304 5273 1965 5358; baseline 0.001 -20"><span class='ocrx_word' id='word_1_761' title='bbox 304 5281 340 5338; x_wconf 81' lang='lat' dir='ltr'>ad</span> <span class='ocrx_word' id='word_1_762' title='bbox 366 5280 514 5338; x_wconf 87' lang='lat' dir='ltr'>Nationes:</span> <span class='ocrx_word' id='word_1_763' title='bbox 535 5277 675 5334; x_wconf 82' lang='lat' dir='ltr'>Fastorum</span> <span class='ocrx_word' id='word_1_764' title='bbox 699 5285 722 5333; x_wconf 86' lang='lat' dir='ltr'>et</span> <span class='ocrx_word' id='word_1_765' title='bbox 746 5273 897 5331; x_wconf 89' lang='lat' dir='ltr'>diminutum</span> <span class='ocrx_word' id='word_1_766' title='bbox 917 5284 993 5346; x_wconf 85' lang='lat' dir='ltr'>caput</span> <span class='ocrx_word' id='word_1_767' title='bbox 1019 5277 1105 5348; x_wconf 69' lang='lat' dir='ltr'>insane</span> <span class='ocrx_word' id='word_1_768' title='bbox 1157 5283 1241 5338; x_wconf 79' lang='lat' dir='ltr'>dilusus</span> <span class='ocrx_word' id='word_1_769' title='bbox 1249 5299 1318 5353; x_wconf 82' lang='lat' dir='ltr'>saepe</span> <span class='ocrx_word' id='word_1_770' title='bbox 1331 5293 1472 5340; x_wconf 87' lang='lat' dir='ltr'>sustratum</span> <span class='ocrx_word' id='word_1_771' title='bbox 1486 5284 1659 5356; x_wconf 73' lang='lat' dir='ltr'>Atymiilusn</span> <span class='ocrx_word' id='word_1_772' title='bbox 1671 5282 1965 5358; x_wconf 64' lang='lat' dir='ltr'>monueramus,</span> 
     </span>
     <span class='ocr_line' id='line_1_55' title="bbox 306 5367 1966 5453; baseline -0.004 -25"><span class='ocrx_word' id='word_1_773' title='bbox 306 5372 442 5447; x_wconf 79' lang='lat' dir='ltr'>cujuslibet</span> <span class='ocrx_word' id='word_1_774' title='bbox 457 5372 497 5428; x_wconf 83' lang='lat' dir='ltr'>dei</span> <span class='ocrx_word' id='word_1_775' title='bbox 512 5372 602 5436; x_wconf 86' lang='lat' dir='ltr'>uestit‚·</span> <span class='ocrx_word' id='word_1_776' title='bbox 618 5370 645 5427; x_wconf 91' lang='lat' dir='ltr'>id</span> <span class='ocrx_word' id='word_1_777' title='bbox 660 5379 719 5438; x_wconf 92' lang='lat' dir='ltr'>est,</span> <span class='ocrx_word' id='word_1_778' title='bbox 734 5369 830 5425; x_wconf 89' lang='lat' dir='ltr'>histrio</span> <span class='ocrx_word' id='word_1_779' title='bbox 853 5367 1062 5441; x_wconf 75' lang='lat' dir='ltr'>ignominiosus,</span> <span class='ocrx_word' id='word_1_780' title='bbox 1077 5379 1106 5426; x_wconf 87' lang='lat' dir='ltr'>et</span> <span class='ocrx_word' id='word_1_781' title='bbox 1153 5377 1223 5450; x_wconf 75' lang='lat' dir='ltr'>nobo</span> <span class='ocrx_word' id='word_1_782' title='bbox 1235 5377 1359 5436; x_wconf 79' lang='lat' dir='ltr'>videlicet</span> <span class='ocrx_word' id='word_1_783' title='bbox 1374 5379 1401 5435; x_wconf 89' lang='lat' dir='ltr'>in</span> <span class='ocrx_word' id='word_1_784' title='bbox 1418 5377 1541 5453; x_wconf 75' lang='lat' dir='ltr'>Phrygias</span> <span class='ocrx_word' id='word_1_785' title='bbox 1562 5393 1666 5451; x_wconf 70' lang='lat' dir='ltr'>magnae</span> <span class='ocrx_word' id='word_1_786' title='bbox 1687 5378 1822 5446; x_wconf 81' lang='lat' dir='ltr'>conditio,</span> <span class='ocrx_word' id='word_1_787' title='bbox 1833 5377 1886 5436; x_wconf 86' lang='lat' dir='ltr'>sub</span> <span class='ocrx_word' id='word_1_788' title='bbox 1900 5379 1966 5452; x_wconf 68' lang='lat' dir='ltr'>ug.</span> 
     </span>
     <span class='ocr_line' id='line_1_56' title="bbox 304 5460 1967 5546; baseline -0.004 -24"><span class='ocrx_word' id='word_1_789' title='bbox 304 5463 414 5538; x_wconf 71' lang='lat' dir='ltr'>ssltgiibbs</span> <span class='ocrx_word' id='word_1_790' title='bbox 437 5464 574 5532; x_wconf 67' lang='lat' dir='ltr'>famosus,</span> <span class='ocrx_word' id='word_1_791' title='bbox 595 5469 771 5534; x_wconf 69' lang='lat' dir='ltr'>replaeiellbdb</span> <span class='ocrx_word' id='word_1_792' title='bbox 794 5460 937 5532; x_wconf 79' lang='lat' dir='ltr'>anrtsiibet</span> <span class='ocrx_word' id='word_1_793' title='bbox 951 5461 995 5517; x_wconf 77' lang='lat' dir='ltr'>deb</span> <span class='ocrx_word' id='word_1_794' title='bbox 1008 5460 1104 5534; x_wconf 58' lang='lat' dir='ltr'>imagi·</span> <span class='ocrx_word' id='word_1_795' title='bbox 1157 5469 1226 5528; x_wconf 72' lang='lat' dir='ltr'>desti</span> <span class='ocrx_word' id='word_1_796' title='bbox 1244 5472 1409 5540; x_wconf 57' lang='lat' dir='ltr'>morphosim,</span> <span class='ocrx_word' id='word_1_797' title='bbox 1425 5473 1451 5528; x_wconf 78' lang='lat' dir='ltr'>in</span> <span class='ocrx_word' id='word_1_798' title='bbox 1465 5487 1519 5544; x_wconf 67' lang='lat' dir='ltr'>qua</span> <span class='ocrx_word' id='word_1_799' title='bbox 1532 5472 1610 5546; x_wconf 56' lang='lat' dir='ltr'>Alps,</span> <span class='ocrx_word' id='word_1_800' title='bbox 1623 5481 1693 5530; x_wconf 70' lang='lat' dir='ltr'>teste</span> <span class='ocrx_word' id='word_1_801' title='bbox 1709 5470 1851 5540; x_wconf 60' lang='lat' dir='ltr'>Pausania,</span> <span class='ocrx_word' id='word_1_802' title='bbox 1866 5481 1967 5532; x_wconf 66' lang='lat' dir='ltr'>mm.</span> 
     </span>
     <span class='ocr_line' id='line_1_57' title="bbox 303 5555 1965 5636; baseline 0.004 -21"><span class='ocrx_word' id='word_1_803' title='bbox 303 5575 378 5617; x_wconf 89' lang='lat' dir='ltr'>nem.</span> <span class='ocrx_word' id='word_1_804' title='bbox 388 5556 469 5613; x_wconf 87' lang='lat' dir='ltr'>Addit</span> <span class='ocrx_word' id='word_1_805' title='bbox 480 5557 584 5614; x_wconf 88' lang='lat' dir='ltr'>adhuc:</span> <span class='ocrx_word' id='word_1_806' title='bbox 596 5555 694 5629; x_wconf 82' lang='lat' dir='ltr'>Corpsu</span> <span class='ocrx_word' id='word_1_807' title='bbox 705 5556 844 5628; x_wconf 86' lang='lat' dir='ltr'>impurum,</span> <span class='ocrx_word' id='word_1_808' title='bbox 857 5566 881 5611; x_wconf 88' lang='lat' dir='ltr'>es</span> <span class='ocrx_word' id='word_1_809' title='bbox 892 5555 927 5610; x_wconf 87' lang='lat' dir='ltr'>ad</span> <span class='ocrx_word' id='word_1_810' title='bbox 939 5556 1014 5612; x_wconf 89' lang='lat' dir='ltr'>issam</span> <span class='ocrx_word' id='word_1_811' title='bbox 1023 5567 1103 5613; x_wconf 85' lang='lat' dir='ltr'>artem</span> <span class='ocrx_word' id='word_1_812' title='bbox 1154 5555 1226 5620; x_wconf 89' lang='lat' dir='ltr'>latus</span> <span class='ocrx_word' id='word_1_813' title='bbox 1234 5561 1381 5621; x_wconf 78' lang='lat' dir='ltr'>ferebatur.</span> <span class='ocrx_word' id='word_1_814' title='bbox 1396 5563 1547 5621; x_wconf 79' lang='lat' dir='ltr'>Praeterea:</span> <span class='ocrx_word' id='word_1_815' title='bbox 1559 5564 1611 5636; x_wconf 73' lang='lat' dir='ltr'>Qui</span> <span class='ocrx_word' id='word_1_816' title='bbox 1624 5565 1705 5631; x_wconf 85' lang='lat' dir='ltr'>olous,</span> <span class='ocrx_word' id='word_1_817' title='bbox 1717 5563 1756 5620; x_wconf 89' lang='lat' dir='ltr'>ait</span> <span class='ocrx_word' id='word_1_818' title='bbox 1769 5563 1826 5632; x_wconf 88' lang='lat' dir='ltr'>ille,</span> <span class='ocrx_word' id='word_1_819' title='bbox 1837 5561 1965 5634; x_wconf 67' lang='grc' dir='ltr'>πιοῦσι,</span> 
     </span>
     <span class='ocr_line' id='line_1_58' title="bbox 305 5641 1966 5728; baseline 0.007 -24"><span class='ocrx_word' id='word_1_820' title='bbox 305 5642 504 5718; x_wconf 71' lang='lat' dir='ltr'>effeminatione</span> <span class='ocrx_word' id='word_1_821' title='bbox 515 5648 678 5719; x_wconf 85' lang='lat' dir='ltr'>productum,</span> <span class='ocrx_word' id='word_1_822' title='bbox 691 5647 748 5704; x_wconf 85' lang='lat' dir='ltr'>sire</span> <span class='ocrx_word' id='word_1_823' title='bbox 761 5648 842 5703; x_wconf 90' lang='lat' dir='ltr'>mima</span> <span class='ocrx_word' id='word_1_824' title='bbox 855 5647 1103 5720; x_wconf 83' lang='lat' dir='ltr'>impudensbliner·</span> <span class='ocrx_word' id='word_1_825' title='bbox 1157 5641 1294 5711; x_wconf 72' lang='lat' dir='ltr'>fluentem</span> <span class='ocrx_word' id='word_1_826' title='bbox 1304 5655 1423 5710; x_wconf 85' lang='lat' dir='ltr'>induerat</span> <span class='ocrx_word' id='word_1_827' title='bbox 1437 5654 1565 5723; x_wconf 77' lang='lat' dir='ltr'>(Passus.</span> <span class='ocrx_word' id='word_1_828' title='bbox 1580 5654 1625 5711; x_wconf 85' lang='lat' dir='ltr'>lib.</span> <span class='ocrx_word' id='word_1_829' title='bbox 1642 5651 1665 5721; x_wconf 87' lang='lat' dir='ltr'>l,</span> <span class='ocrx_word' id='word_1_830' title='bbox 1678 5670 1706 5728; x_wconf 82' lang='lat' dir='ltr'>p.</span> <span class='ocrx_word' id='word_1_831' title='bbox 1722 5654 1772 5727; x_wconf 76' lang='lat' dir='ltr'>b).</span> <span class='ocrx_word' id='word_1_832' title='bbox 1782 5653 1854 5723; x_wconf 78' lang='lat' dir='ltr'>unta</span> <span class='ocrx_word' id='word_1_833' title='bbox 1863 5655 1966 5716; x_wconf 70' lang='lat' dir='ltr'>euim</span> 
     </span>
    </p>
   </div>
   <div class='ocr_carea' id='block_1_8' title="bbox 303 5736 2060 5818">
    <p class='ocr_par' dir='ltr' id='par_1_10' title="bbox 303 5736 2060 5818">
     <span class='ocr_line' id='line_1_59' title="bbox 303 5736 2060 5818; baseline 0.008 -26"><span class='ocrx_word' id='word_1_834' title='bbox 303 5756 363 5792; x_wconf 80' lang='lat' dir='ltr'>uana</span> <span class='ocrx_word' id='word_1_835' title='bbox 376 5739 550 5806; x_wconf 67' lang='lat' dir='ltr'>aliquorsum</span> <span class='ocrx_word' id='word_1_836' title='bbox 564 5739 724 5810; x_wconf 87' lang='lat' dir='ltr'>petulantior</span> <span class='ocrx_word' id='word_1_837' title='bbox 738 5739 835 5795; x_wconf 85' lang='lat' dir='ltr'>ntimns</span> <span class='ocrx_word' id='word_1_838' title='bbox 847 5737 985 5796; x_wconf 77' lang='lat' dir='ltr'>Herculem</span> <span class='ocrx_word' id='word_1_839' title='bbox 999 5742 1100 5818; x_wconf 69' lang='lat' dir='ltr'>(ibid),</span> <span class='ocrx_word' id='word_1_840' title='bbox 1153 5736 1326 5806; x_wconf 82' lang='lat' dir='ltr'>biseeterbis</span> <span class='ocrx_word' id='word_1_841' title='bbox 1339 5747 1390 5805; x_wconf 84' lang='lat' dir='ltr'>sibi</span> <span class='ocrx_word' id='word_1_842' title='bbox 1402 5747 1496 5818; x_wconf 70' lang='lat' dir='ltr'>volunt,</span> <span class='ocrx_word' id='word_1_843' title='bbox 1506 5745 1559 5805; x_wconf 85' lang='lat' dir='ltr'>nisi</span> <span class='ocrx_word' id='word_1_844' title='bbox 1571 5747 1598 5804; x_wconf 90' lang='lat' dir='ltr'>in</span> <span class='ocrx_word' id='word_1_845' title='bbox 1612 5741 1767 5806; x_wconf 85' lang='lat' dir='ltr'>crudelibus</span> <span class='ocrx_word' id='word_1_846' title='bbox 1779 5743 1833 5803; x_wconf 88' lang='lat' dir='ltr'>iltis</span> <span class='ocrx_word' id='word_1_847' title='bbox 1845 5753 1962 5818; x_wconf 63' lang='lat' dir='ltr'>spem-</span> <span class='ocrx_word' id='word_1_848' title='bbox 2051 5793 2060 5806; x_wconf 92' lang='lat'>.</span> 
     </span>
    </p>
   </div>
   <div class='ocr_carea' id='block_1_9' title="bbox 303 5825 1953 5914">
    <p class='ocr_par' dir='ltr' id='par_1_11' title="bbox 303 5825 1953 5914">
     <span class='ocr_line' id='line_1_60' title="bbox 303 5825 1953 5914; baseline 0.01 -36"><span class='ocrx_word' id='word_1_849' title='bbox 303 5825 402 5891; x_wconf 89' lang='lat' dir='ltr'>idest,</span> <span class='ocrx_word' id='word_1_850' title='bbox 416 5830 502 5896; x_wconf 87' lang='lat' dir='ltr'>turpia</span> <span class='ocrx_word' id='word_1_851' title='bbox 524 5831 662 5899; x_wconf 87' lang='lat' dir='ltr'>utriusque</span> <span class='ocrx_word' id='word_1_852' title='bbox 676 5831 745 5888; x_wconf 81' lang='lat' dir='ltr'>lacta</span> <span class='ocrx_word' id='word_1_853' title='bbox 754 5832 781 5887; x_wconf 92' lang='lat' dir='ltr'>in</span> <span class='ocrx_word' id='word_1_854' title='bbox 793 5847 873 5890; x_wconf 86' lang='lat' dir='ltr'>scena</span> <span class='ocrx_word' id='word_1_855' title='bbox 887 5834 1013 5891; x_wconf 77' lang='lat' dir='ltr'>exbibet.</span> <span class='ocrx_word' id='word_1_856' title='bbox 1029 5837 1095 5905; x_wconf 84' lang='lat' dir='ltr'>Quis</span> <span class='ocrx_word' id='word_1_857' title='bbox 1150 5841 1219 5899; x_wconf 88' lang='lat' dir='ltr'>culis</span> <span class='ocrx_word' id='word_1_858' title='bbox 1232 5841 1327 5901; x_wconf 78' lang='lat' dir='ltr'>noxios</span> <span class='ocrx_word' id='word_1_859' title='bbox 1340 5841 1462 5902; x_wconf 89' lang='lat' dir='ltr'>homines</span> <span class='ocrx_word' id='word_1_860' title='bbox 1473 5841 1658 5901; x_wconf 82' lang='lat' dir='ltr'>etsreleratos</span> <span class='ocrx_word' id='word_1_861' title='bbox 1668 5849 1774 5914; x_wconf 87' lang='lat' dir='ltr'>sumpts</span> <span class='ocrx_word' id='word_1_862' title='bbox 1784 5838 1827 5898; x_wconf 86' lang='lat' dir='ltr'>rel</span> <span class='ocrx_word' id='word_1_863' title='bbox 1840 5835 1953 5914; x_wconf 64' lang='grc' dir='ltr'>Δηὼ,</span> 
     </span>
    </p>
   </div>
   <div class='ocr_carea' id='block_1_10' title="bbox 0 0 2126 6259">
    <p class='ocr_par' dir='ltr' id='par_1_12' title="bbox 0 0 2126 6259">
     <span class='ocr_line' id='line_1_61' title="bbox 0 0 2126 6259; baseline 0 0"><span class='ocrx_word' id='word_1_864' title='bbox 0 0 2126 6259; x_wconf 95' lang='lat' dir='ltr'> </span> 
     </span>
    </p>
   </div>
  </div>
 </body>
</html>
