4242 6259
273 260 328 343 ψ
979 257 1211 331 mmmm
1865 267 1920 341 m

275 380 311 440 do
324 380 387 459 (u),
403 352 471 461 quia
491 392 545 435 non
569 375 765 447 erubescimus,
780 373 895 448 denique
908 374 968 455 ripe
976 375 1070 455 meni·
1084 377 1110 438 Α
1122 378 1196 435 solus
1210 382 1335 449 prestat,
1351 384 1378 437 et
1392 390 1442 451 eno
1451 388 1511 445 son
1525 377 1569 443 cni
1582 379 1728 456 inpetrare
1742 369 1865 453 debetur,
1877 382 1919 445 n·

148 542 151 549 .
188 524 196 543 Ι
277 473 386 549 torem)
401 516 409 543 ,
424 472 486 547 quia
507 452 541 527 de
560 475 799 543 pectoreoramus.
815 468 961 549 precantes
979 483 1072 529 sumus
1123 470 1211 537 mulus
1223 470 1299 540 eius,
1314 468 1360 540 qui
1374 482 1434 533 eum
1449 470 1535 527 sulum
1548 472 1742 543 ouserm‚qui
1756 482 1865 546 propter
1878 474 1918 547 (2)

179 552 187 567 ’
275 581 370 624 omues
381 577 488 637 semper
497 572 545 633 pro
557 558 682 619 omnibus
692 560 898 633 imperatoribus
909 602 916 639 ‚
926 555 1006 629 nimir
1018 562 1071 621 illis
1101 566 1105 573 '
1123 563 1291 633 disciplinam
1307 562 1480 633 ejusoceldor
1491 562 1548 641 (1),
1565 566 1610 637 qni
1624 565 1650 622 oi
1663 564 1748 622 oliero
1762 568 1882 638 opimam
1893 576 1921 626 ct

275 657 425 731 prolixam,
442 651 583 725 imperium
599 665 738 727 secturam,
752 650 861 708 domum
875 660 979 720 tutam,
995 667 1072 718 excr—
1124 655 1253 725 majorem
1271 652 1386 711 hostiam
1402 653 1456 726 (e),
1467 670 1546 725 uquam
1569 655 1627 727 ipse
1650 656 1803 729 mandarit,
1817 659 1920 716 orario.

275 749 344 805 citus
357 746 456 816 fortes,
468 753 590 800 senatum
603 742 726 817 fidelem,
741 743 867 817 pupulum
881 744 1012 818 prolium,
1027 756 1072 799 or-
1123 763 1185 805 nem
1197 747 1232 804 de
1243 763 1324 804 carne
1338 745 1432 817 pudiea
1444 788 1452 817 ,
1464 747 1498 802 de
1508 749 1597 803 arriana
1610 745 1765 817 innocenti,
1779 750 1813 807 de
1823 753 1920 823 spiritu

274 842 335 899 bem
348 839 467 914 quietum
478 881 486 909 ‚
498 848 708 913 etquaeoumquc
721 837 837 897 hominis
847 848 874 896 et
883 837 999 909 Caesaris
1010 846 1072 903 rota
1123 849 1217 897 sancto
1228 841 1385 915 prolectam.
1396 838 1454 895 lion
1466 855 1547 913 grana
1558 839 1643 898 tluuris
1652 842 1691 914 (d)
1703 842 1781 898 utrius
1790 843 1859 901 assis
1871 844 1918 918 (e),

274 943 346 990 sunt.
363 932 428 989 liaeo
453 931 487 988 alr
508 931 562 989 alio
584 946 663 988 orare
682 945 736 988 non
751 945 880 1004 possum,
895 946 976 1005 quarn
989 945 1004 985 a
1017 947 1072 1004 quo
1124 931 1246 991 Arabicae
1261 930 1366 988 arboris
1390 930 1523 1017 laerpmas
1544 931 1580 1005 (i)
1602 948 1651 999 pec
1670 933 1738 993 dum
1768 935 1835 995 meri
1856 944 1919 1009 gut,

277 1023 386 1103 scioli)
403 1040 446 1083 ure
467 1010 692 1095 consecuturum,
708 1023 834 1097 quioniam
854 1033 882 1080 et
901 1023 958 1097 ipse
971 1023 1072 1109 estqui

874 1157 1064 1218 Lectiones
1082 1152 1290 1215 trutannus,

303 1295 342 1424 gp
358 1296 453 1357 Sciam,
465 1294 547 1347 Pura.
1123 1294 1184 1343 oisc.
1196 1304 1220 1342 e.
1232 1289 1327 1341 occidor
1339 1301 1386 1343 nort
1397 1289 1509 1356 lequuntur
1526 1287 1552 1341 itt
1563 1289 1620 1345 edd.
1633 1289 1708 1346 muu.
1727 1291 1794 1358 etti,
1815 1294 1920 1361 Hanni

356 1358 444 1420 illurn,
457 1355 521 1420 Get,
534 1358 670 1420 dompnum
680 1368 689 1408 .·
698 1368 754 1407 eum
767 1356 860 1421 eolum;
873 1355 978 1409 ceteri:
995 1354 1071 1407 solae
1122 1361 1145 1404 et
1157 1353 1212 1404 cort.
1225 1353 1301 1415 lnqd.
1314 1353 1346 1402 11
1349 1392 1355 1404 ,

273 1422 306 1475 In
324 1434 376 1489 sqq.
390 1423 454 1474 litem
466 1434 480 1486 e
491 1421 547 1485 coll.
567 1417 642 1483 Fultl.
653 1433 697 1485 pru
715 1420 851 1486 disciplina.
864 1435 903 1473 ιι.
915 1422 959 1485 qui
970 1424 1072 1486 popter
1155 1417 1192 1479 (a)
1210 1415 1299 1477 0111-
1310 1414 1422 1479 occider,
1436 1415 1502 1475 eleut
1517 1413 1600 1477 Earn.

954 1518 1230 1601 eunomianus.

272 1674 312 1716 tlt.
333 1659 367 1742 ἲ..
381 1620 542 1715 floorlllieeli
566 1656 675 1741 lflsslltll.
703 1672 729 1728 p.
755 1657 818 1713 297.
834 1656 920 1712 Adam
933 1655 1067 1741 sseitheim·
1118 1660 1152 1718 ιὶς
1161 1668 1205 1717 τὴν
1215 1664 1321 1726 λυχνίαν,
1337 1666 1378 1711 nel
1394 1666 1512 1729 θυμίαμα,
1523 1672 1556 1731 τῷ
1564 1671 1641 1734 καιρῷ
1652 1673 1695 1725 τὴς
1711 1664 1781 1729 deping
1793 1673 1922 1739 ww&

272 1731 386 1857 wli-¹¹¹
398 1728 430 1787 ll.
445 1728 477 1791 ’1.
500 1737 527 1786 ot
547 1728 616 1811 .¹¹¹.⁵²·
634 1728 736 1785 liceles.
761 1743 822 1808 pag
845 1727 907 1809 lli.
923 1727 1067 1797 llrouertus
1083 1727 1161 1824 BLu
1171 1743 1215 1780 ru.

272 1800 307 1856 de
348 1798 426 1859 tudela
439 1799 555 1883 eleganti
568 1798 657 1856 ltlrello
667 1796 701 1855 de
713 1798 922 1859 Adorattoutltus
934 1813 995 1869 cap.
1008 1814 1065 1855 rar,

417 1862 421 1869 ἱ
940 1868 946 1881 ·
1044 1868 1050 1881 ,
1157 1794 1195 1868 (e)
1210 1796 1374 1865 lluiururrir.
1385 1797 1512 1857 Videlicet
1521 1803 1609 1874 exigui
1622 1804 1711 1873 pretii.
1726 1805 1920 1878 llalratnrenim

273 1871 308 1927 Et
321 1869 439 1940 landent,
453 1884 529 1941 oopus
539 1869 575 1933 de
589 1867 908 1941 energumenorum
925 1869 1068 1939 stragulatis
1119 1869 1164 1924 uix
1177 1876 1291 1933 tarrturn,
1303 1870 1493 1940 qnantumduo
1504 1882 1591 1943 tresue
1603 1874 1678 1943 digiti
1693 1878 1922 1997 comprehendere

241 2004 246 2009 ,
273 1942 428 1997 dissertatio
439 1941 558 1997 Adamas
581 1941 679 2001 iterant
699 1940 919 2012 Reolueultentius
934 1938 1022 2011 lipsiae
1035 1941 1068 2005 ll.
1124 1947 1244 2010 possent.
1260 1939 1381 2009 Luceant.
1403 1957 1428 1997 u.
1444 1940 1488 1999 tn.
1501 1958 1533 1998 er
1559 1954 1648 2007 mente
1669 1944 1748 2001 ilenti
1762 1949 1826 2005 irror.
1852 1947 1921 2005 llum

274 2012 356 2068 1688.
369 2012 451 2067 edita.
466 2011 535 2067 Han.
1124 2011 1233 2065 cruciori
1258 2023 1332 2082 atque
1345 2013 1454 2075 iraterlri
1467 2015 1561 2082 molle,
1583 2033 1659 2086 quom
1673 2018 1748 2070 tluru
1763 2020 1842 2073 tellus
1855 2020 1921 2090 elipi-

311 2082 349 2155 (a)
366 2082 454 2141 illudo.
481 2082 540 2138 Non
556 2089 585 2137 ut
604 2081 716 2154 gentiles
737 2081 837 2138 uelato.
851 2080 968 2143 Consule
988 2081 1071 2139 inter·
1125 2083 1157 2141 tie
1170 2082 1352 2155 comprehenso
1378 2084 1404 2137 iu
1416 2087 1502 2151 iocum
1512 2087 1632 2168 jactum
1655 2096 1706 2140 tnui
1720 2090 1834 2156 ineptum
1848 2091 1918 2146 oide-

276 2163 377 2224 pretes‚
393 2153 538 2209 Heraldum
553 2163 580 2208 et
596 2152 757 2208 lacendum.
772 2151 850 2207 Fuld.
872 2148 940 2209 Cod.
963 2152 1071 2207 nudato.
1125 2159 1186 2219 tur,
1211 2170 1287 2224 quarn
1315 2154 1342 2206 iu
1364 2154 1476 2225 periculo
1498 2167 1556 2210 rttoe
1578 2157 1683 2223 ulterius
1700 2159 1812 2223 aninumr
1836 2163 1917 2235 irrupit

276 2223 393 2281 crrrtsule
403 2232 430 2278 ct
451 2223 496 2287 liic
513 2223 649 2281 laudatum
665 2223 822 2280 Bruuerium
837 2237 865 2293 p.
890 2222 954 2279 tlt.
970 2233 998 2280 et
1011 2221 1073 2278 Cal·
1175 2240 1201 2275 ur
1213 2239 1286 2278 rnorn
1298 2239 1398 2278 rurore.
1415 2225 1592 2298 llieruuymus
1615 2243 1722 2299 quaque
1737 2229 1762 2297 iq
1782 2230 1867 2300 Epist.
1880 2232 1920 2295 ed

277 2295 399 2351 noerium
413 2293 490 2357 Tum.
502 2310 532 2351 u.
546 2293 661 2353 ilitualis
671 2293 853 2353 Ecclesiastiei
868 2309 894 2363 p.
909 2294 973 2351 555.
987 2292 1057 2350 Hau.
1151 2293 1301 2349 eliodorum
1318 2311 1324 2345 ι
1345 2294 1406 2349 11ὀιι
1421 2307 1458 2351 ert
1471 2298 1497 2351 iu
1515 2314 1544 2352 eo
1564 2308 1662 2353 tuntum
1676 2301 1781 2354 inultus
1795 2302 1880 2370 idoli,
1897 2303 1920 2367 al

311 2364 353 2437 (Ιι)
367 2364 430 2420 Sitne
444 2366 578 2419 utottnore.
599 2363 676 2434 Apud
688 2364 814 2429 Ethnloos
825 2363 942 2421 monitat
962 2366 1075 2435 premat
1126 2365 1183 2434 quir
1194 2364 1291 2420 dnobus
1303 2364 1418 2435 digitulis
1434 2369 1511 2421 tinrn
1533 2385 1675 2437 rerepreern
1697 2371 1724 2424 in
1746 2370 1846 2426 iustum
1867 2389 1921 2428 orte

276 2450 371 2509 preces
382 2476 395 2503 .
414 2450 446 2493 ao
458 2435 502 2503 ule
519 2436 619 2507 scripto
633 2435 740 2506 quidem
755 2475 763 2503 ,
787 2450 822 2492 ue
837 2436 901 2505 quid
929 2435 1074 2493 neruorum
1121 2436 1215 2505 jacint,
1230 2446 1282 2491 etc.
1299 2435 1420 2491 Laetant.
1434 2453 1529 2495 rursus
1543 2456 1562 2494 ι.
1575 2440 1797 2507 incolumemin
1816 2438 1912 2511 tnrrre,

276 2507 470 2578 praecinetur,
484 2515 531 2563 aut
552 2516 745 2578 praeposterum
760 2506 913 2572 diremtum
928 2521 1075 2574 rursusque
1126 2522 1157 2560 uo
1167 2508 1271 2565 rumoris
1284 2508 1389 2578 dipitr'r,
1405 2524 1461 2578 quta
1480 2511 1596 2567 renuitur
1617 2511 1711 2567 turturis
1728 2512 1814 2567 colore
1825 2514 1917 2571 delue-

277 2578 345 2635 alius
358 2587 449 2633 eustos
461 2587 518 2637 erat
531 2620 539 2646 ,
552 2580 597 2649 qui
609 2577 775 2642 attenderem
789 2577 857 2631 alins
871 2576 1009 2646 qulianerl
1024 2576 1075 2631 liu·
1126 2587 1194 2632 runt.
1210 2578 1283 2644 Quos
1297 2581 1386 2648 itaque
1405 2580 1502 2651 digitos
1515 2581 1615 2638 luiterus
1627 2598 1642 2636 a
1656 2580 1745 2638 inseiis
1765 2584 1790 2638 iu
1813 2585 1918 2641 saorill·

276 2649 334 2721 guis
345 2648 462 2719 iuberet.
477 2649 577 2707 Plinius
589 2663 648 2720 eap·
661 2647 690 2716 2,
707 2649 754 2704 liu.
768 2647 885 2707 llelll.
899 2647 1004 2705 1111.-
1016 2644 1075 2703 ilo·
1126 2648 1212 2702 cando
1223 2648 1306 2703 uoluit
1316 2665 1376 2704 esse
1388 2650 1472 2705 linum
1485 2652 1542 2707 Rex
1555 2653 1625 2725 apud
1645 2654 1703 2708 Lin.
1717 2669 1735 2709 t.
1754 2654 1799 2708 il.
1823 2655 1919 2719 tlrruu-

274 2720 460 2848 llm'l'tlAddi
491 2727 579 2792 potest
611 2720 682 2779 notit
696 2718 883 2791 ,Interpretum
908 2720 1018 2777 Plautus
1044 2718 1073 2776 in

304 2804 361 2847 use
384 2833 391 2847 .

366 2886 405 2938 tu
413 2886 537 2950 legionem
548 2898 604 2936 cum
614 2892 679 2937 stant
689 2882 861 2937 adminiculum

399 2948 430 3001 Ei
439 2949 532 3000 danunt
544 2948 652 3013 aliquem
662 2954 794 3011 cognatum
803 2958 883 2996 mum.

276 3037 345 3093 tales
359 3035 431 3090 euim
455 3034 605 3089 monitores
627 3030 746 3086 romanis
764 3027 979 3086 adolescentibus
1001 3041 1073 3084 antro

275 3108 402 3178 stipendii
415 3107 460 3232 pri
468 3120 512 3160 uro
530 3105 639 3161 additos
651 3101 732 3158 docet
745 3100 874 3168 Seruius,
888 3108 917 3156 et
929 3100 999 3168 apud
1014 3099 1071 3155 lal.

275 3179 401 3235 Flaccum

275 3259 375 3322 pugnet
389 3290 397 3318 ,

478 3364 585 3417 uronitus
595 3360 640 3413 sed
652 3360 731 3412 tradat
742 3367 768 3411 ut
780 3371 860 3422 acres,

339 3427 532 3490 Magnetumque
543 3428 608 3477 utros
619 3424 662 3488 qui
677 3422 788 3473 laudibus
799 3432 853 3473 urat
864 3434 973 3472 anorum.

296 3532 322 3585 ui
335 3542 451 3599 μνήμονες
460 3528 563 3585 Grauis
574 3527 732 3583 dicebantur
747 3535 776 3583 ut
790 3527 880 3583 decuit
897 3525 1028 3583 lleursitte
1040 3524 1074 3579 ed

315 3602 455 3656 seandram
468 3598 755 3670 lycoptuunispast.
770 3599 808 3653 lta
819 3598 847 3653 iu
862 3596 951 3651 Sacris
961 3596 1075 3650 llonlto·

276 3685 322 3731 res
331 3679 408 3725 erant
438 3670 463 3723 ui
475 3668 617 3723 turmulam
628 3683 738 3738 precum
754 3666 1074 3736 insusurrabant,quique

276 3741 409 3815 praeibant
418 3684 560 3795 lurnrulam
576 3753 695 3807 meeum,
716 3738 773 3795 sire
783 3737 939 3792 meditatum
954 3750 1072 3793 carmen.

277 3810 438 3870 Aristander
452 3810 521 3879 apud
541 3807 662 3864 Curtium
673 3807 719 3863 nt.
735 3822 773 3865 rr.
784 3822 845 3875 dap.
858 3821 918 3864 xttt.
928 3806 955 3860 in
964 3806 1076 3861 candidu

277 3892 354 3947 nate,
370 3882 491 3935 uerlrenur
505 3895 583 3933 trtorru
601 3883 748 3950 praeferent,
764 3877 847 3946 cupite
870 3878 951 3931 uelato
970 3877 1076 3949 preibat

279 3952 450 4029 presentari.
464 3951 565 4009 Plinius
578 3947 657 4021 herlus
672 3949 789 4020 religiosi
802 3949 871 4007 ritus
885 3948 969 4007 multa
980 3962 1078 4019 perse-

279 4027 370 4154 puitnr
388 4024 436 4080 111.
447 4038 546 4085 rnatu.
569 4038 629 4098 cap.
652 4026 680 4081 1.
704 4023 746 4081 eui
761 4020 831 4081 adde
844 4018 1024 4079 alexandrum
1040 4022 1075 4078 alt

305 4096 357 4153 lex.
372 4094 476 4151 Genial.
500 4094 571 4151 llier·
585 4113 615 4152 ιι.
628 4096 672 4153 tt.
686 4105 762 4153 etlu.
783 4095 827 4157 li.
842 4089 999 4159 meliorique
1021 4090 1075 4155 luto
1146 4136 1152 4148 .

280 4164 465 4237 dignissimum
486 4168 634 4224 Barnabam
659 4165 825 4236 lirissouium
839 4164 886 4220 tit.
907 4160 943 4216 de
961 4160 1076 4217 Furniu-

280 4241 325 4305 llS.
336 4256 356 4303 1,
367 4253 395 4306 lt.
403 4241 448 4300 ot.
459 4238 583 4297 Formttla
594 4244 654 4309 talis
666 4241 909 4315 necessariorem,
921 4239 948 4307 in
958 4244 996 4292 tot
1004 4237 1076 4294 notis

282 4312 433 4384 ignotisque
444 4312 607 4379 ttornluibus,
619 4330 731 4385 qunrmn
743 4311 922 4382 appellatione
933 4310 1001 4364 ileos
1012 4323 1077 4364 suos

282 4385 622 4451 delectariarbitrabantur,
634 4400 713 4457 quam
724 4378 1077 4457 punitoqurappellatSor·

282 4464 359 4511 nator
370 4460 474 4523 nostem
486 4458 602 4512 mollitur
614 4456 734 4513 melioris
747 4455 879 4521 lorrnutae,
892 4450 986 4507 llatth.
999 4466 1037 4507 nr.
1049 4451 1076 4505 1.

281 4526 309 4582 a.
325 4526 401 4598 cujus
414 4527 444 4584 S.
459 4528 574 4612 Spiritus
588 4528 766 4584 nobiscum‘et
778 4542 827 4598 pro
841 4523 918 4595 ruetis
938 4521 1119 4613 ineffabili-D

173 4654 180 4666 ,
281 4598 332 4655 bus
345 4607 404 4653 orat
416 4598 568 4670 getnttrbus.
580 4600 648 4655 litu.

320 4668 358 4741 le)
373 4669 424 4735 Qut
436 4672 458 4725 ei
471 4668 552 4738 offero
573 4672 685 4742 opirtrom
699 4678 723 4724 el
736 4669 869 4739 tnujorem.
894 4667 961 4723 Cum
985 4665 1074 4720 locum

282 4739 356 4795 lrnno
366 4740 544 4811 detorqueant
566 4740 807 4813 llargdelrurgenses
820 4740 948 4795 aduersus
969 4733 1074 4791 sacriti-

284 4811 354 4865 eiunt
376 4812 477 4881 altaris,
493 4812 647 4882 requirebat
665 4812 698 4867 de
717 4826 750 4866 eo
770 4819 913 4865 tractatum
927 4808 1074 4870 latiorem;

284 4881 332 4936 sed
346 4884 507 4938 neminimus
522 4884 647 4939 lectorem
661 4882 694 4937 ad
709 4883 756 4936 lib.
772 4881 806 4936 ad
819 4880 975 4952 Scopulum,
996 4875 1074 4957 inlra3

283 4966 362 5021 quom
387 4953 468 5008 etiarn
494 4968 634 5024 perperam
663 4968 711 5023 pro
725 4968 756 5008 se
768 4953 883 5022 allegant
898 4951 1017 5021 :quippe
1030 4961 1075 5017 qm

283 5024 440 5077 nominatim
454 5038 521 5079 noce
541 5025 714 5094 sacrificamus
735 5023 832 5078 ibidem
846 5022 942 5077 utitur.
959 5022 1026 5074 Ριιιι.
1039 5046 1077 5059 -

285 5093 384 5148 llustiae
398 5094 457 5149 alim
472 5094 604 5164 rrtajores.
632 5095 692 5148 aliae
713 5096 842 5157 lactentes
854 5092 1019 5148 dicabantur.
1038 5089 1076 5143 lle

283 5165 449 5234 majoribus,
475 5165 572 5229 idest,
596 5165 719 5237 unanimis
744 5174 785 5220 est
799 5165 873 5218 lneurs
896 5161 1033 5223 Ciceronis
1045 5159 1073 5213 Ξ.

284 5236 357 5291 Orat.
370 5237 395 5290 in
411 5236 528 5290 liullum.
556 5236 638 5290 lirrtnt
655 5234 748 5290 ltoetioe
768 5237 878 5306 ntojorea
905 5234 931 5287 in
942 5237 998 5303 [cru
1012 5247 1074 5285 eon·

283 5308 387 5361 enitatur.
400 5306 484 5361 Porro
500 5306 718 5377 majoreslmstiae
728 5307 785 5361 site
800 5305 914 5360 uictimae
933 5304 990 5375 (sic
1002 5302 1075 5356 euim

283 5378 395 5433 licenter
407 5391 501 5432 omines
513 5375 629 5448 aucant)
644 5386 720 5432 eraut
735 5377 822 5442 tauri.
850 5391 898 5431 neo
918 5375 989 5428 enim
1004 5387 1075 5428 nuno

282 5448 426 5503 discrimen
441 5449 505 5503 illud
518 5448 588 5504 inter
597 5464 663 5505 oues
677 5458 704 5503 et
717 5457 807 5503 taturus
819 5449 961 5503 constituo.
977 5444 1042 5499 Luc.

319 5518 361 5591 <dl
373 5516 434 5573 Nou
447 5536 528 5592 pruna
540 5522 631 5575 tlutrir.
641 5518 750 5575 Frustra
765 5529 837 5574 esset
847 5521 891 5589 qul
902 5522 988 5572 locum
1004 5517 1075 5569 lutrnc

282 5592 342 5645 usui
366 5590 492 5647 Eoolesiae
507 5593 644 5648 adversari
667 5591 789 5655 diceret,
813 5606 872 5658 inune
888 5591 914 5644 iu
936 5586 1076 5643 saerilloiis

283 5662 361 5716 tlture
374 5661 468 5716 utitttr.
484 5664 631 5718 Adltlltetur
643 5663 742 5732 quippe
753 5678 786 5716 ex
797 5659 939 5716 traditione
953 5668 983 5713 ut
996 5657 1075 5712 insti·

282 5732 385 5786 tutione
398 5733 553 5800 apostolica.
568 5732 634 5787 Cau.
649 5735 676 5789 5.
690 5736 784 5802 Apost.
799 5731 825 5786 itl
841 5731 920 5787 tranet
934 5742 969 5798 pt
987 5733 1037 5797 tter
1051 5732 1076 5780 it

281 5805 341 5856 tna
355 5807 508 5871 προσάγεσθαι(
520 5828 543 5860 τι
558 5811 632 5877 isuper
648 5811 703 5876 rupis
722 5812 749 5863 et
762 5811 944 5872 turturinum,
962 5807 977 5863 l
996 5806 1077 5855 lieren

427 3175 531 3246 plriclus
543 3176 621 3233 adest
634 3172 795 3245 Argaurnrtis
808 3171 855 3230 liu.
870 3171 963 3228 1115.
979 3186 1034 3227 uun
1044 3182 1074 3227 ut
1087 3187 1109 3251 ρ

1126 2735 1174 2789 que
1187 2720 1222 2773 tul
1236 2720 1328 2791 eligitur
1341 2737 1418 2792 neque
1429 2722 1542 2778 inuoluto
1556 2741 1611 2778 rent
1622 2725 1735 2779 diuinum
1747 2725 1841 2793 lucere.
1856 2726 1921 2781 Per·
1996 2722 1999 2727 ’

1125 2791 1192 2845 tinet
1205 2799 1233 2846 et
1245 2790 1297 2845 lruc
1310 2793 1384 2847 locus
1396 2791 1479 2849 Curtii
1495 2795 1541 2849 tiu.
1558 2809 1616 2851 virt.
1630 2811 1656 2851 c.
1670 2797 1698 2852 5.
1712 2794 1757 2850 ubi
1770 2794 1836 2866 Cleo
1854 2796 1920 2851 adu·

1123 2860 1193 2916 lator
1205 2862 1357 2918 Alexandro
1370 2863 1488 2920 diuinum
1500 2864 1629 2921 liquorem
1640 2868 1700 2923 utro
1709 2868 1854 2929 etiamnum
1874 2867 1921 2922 laa-
1980 2908 1993 2921 .

1132 2931 1191 2987 heri
1204 2933 1262 2988 nult
1277 2950 1283 2986 :
1297 2935 1388 3002 quidus
1400 2951 1450 2990 eruo
1474 2935 1550 2990 morlo
1572 2938 1662 3009 relerri
1683 2939 1766 3009 qratia
1786 2939 1921 3008 praesuret

1124 3018 1197 3071 quern
1222 3004 1390 3075 intelligerent
1415 3004 1498 3060 Deum
1523 3023 1595 3075 erre,
1610 3010 1808 3078 confirmentur,
1831 3010 1921 3082 exigua

1125 3075 1206 3131 tlnrt'r
1229 3076 1344 3146 impenso
1367 3086 1437 3130 tauto
1460 3076 1581 3146 beneficio
1608 3080 1748 3150 penroturi.
1776 3079 1871 3135 lrridet
1894 3087 1921 3135 et

1127 3160 1203 3201 ruore
1214 3160 1263 3201 suo
1276 3146 1424 3207 Lucienus.
1440 3162 1492 3203 non
1508 3157 1609 3204 tantum
1621 3150 1646 3204 iu
1660 3150 1743 3205 Asino
1757 3166 1783 3221 p.
1799 3150 1859 3205 111.
1875 3149 1921 3205 ιιΙιί

1125 3231 1201 3287 magii
1213 3222 1324 3289 χόνδρους
1337 3222 1376 3271 δύο
1389 3227 1502 3285 Μοῦσα,
1519 3230 1559 3274 τὸν
1568 3230 1609 3289 pain
1621 3229 1757 3288 itinerandi,
1766 3233 1798 3291 τᾳ
1809 3232 1866 3299 napi
1877 3230 1920 3276 τοῦ

1126 3294 1212 3356 λύχνου
1230 3296 1349 3351 tultum
1365 3289 1384 3344 i.
1400 3306 1425 3343 e.
1442 3291 1552 3360 acceptia
1576 3290 1674 3346 dnobus
1684 3293 1782 3362 pronis,
1797 3292 1854 3345 tltus
1868 3291 1921 3361 iqui

1127 3358 1237 3415 litterula
1250 3362 1378 3433 iurposuit.
1394 3359 1445 3416 Sed
1466 3363 1612 3431 praesertim
1626 3363 1652 3418 in
1667 3361 1732 3417 lore
1746 3362 1879 3432 Tragoedo
1893 3376 1919 3433 p.

1125 3430 1179 3485 200
1193 3431 1236 3487 ulti
1249 3431 1283 3485 do
1298 3431 1421 3487 sordibus
1434 3430 1589 3488 llertesitluei
1603 3434 1725 3503 queritur
1737 3430 1861 3503 lupiter,
1876 3432 1922 3503 qui

1126 3501 1247 3557 uetulum
1261 3502 1360 3572 gallum
1375 3503 1572 3558 immolaverat.
1592 3502 1722 3559 Prtctereo
1742 3513 1849 3571 quotuor
1864 3506 1923 3558 tlrtr·

1126 3572 1162 3626 u'r
1175 3589 1273 3642 gruna,
1292 3574 1360 3626 curie
1371 3574 1450 3627 cirita
1463 3615 1469 3639 ,
1483 3572 1519 3626 ito
1543 3578 1571 3627 ul
1595 3576 1683 3644 prunis
1698 3576 1921 3644 extinguerentur,

1126 3659 1205 3713 tueque
1214 3644 1318 3697 turrtnu's
1328 3644 1457 3697 tantillum
1468 3644 1571 3699 uteribus
1581 3644 1684 3699 odorent
1695 3646 1814 3717 proeieret
1824 3646 1921 3714 Γιιιιιιιι,

1128 3706 1267 3783 Porphyrii
1292 3728 1397 3784 introque
1410 3726 1437 3769 et
1447 3713 1535 3770 Ouidii
1547 3715 1737 3785 locosaddqcit
1748 3715 1923 3769 linctissimus

1127 3783 1255 3838 Brodaeus
1275 3784 1385 3839 lliscell.
1407 3785 1452 3838 ltu.
1470 3801 1496 3838 u.
1512 3800 1571 3855 eap.
1588 3785 1614 3841 8.
1636 3801 1695 3855 quae
1716 3783 1859 3853 Lanrpadis
1879 3784 1924 3838 sui

1129 3862 1201 3909 turno
1214 3869 1221 3907 ι
1232 3869 1250 3907 ι.
1265 3854 1378 3909 inseruit
1390 3854 1474 3910 laturus
1484 3855 1624 3912 Gruterus.
1639 3855 1799 3920 Alexander.
1812 3854 1924 3925 llagnus

1128 3924 1192 3989 ille,
1218 3926 1348 3992 imprimis
1360 3925 1394 3980 alr
1408 3927 1516 3989 luctante
1530 3936 1608 3987 aetate
1621 3926 1760 3999 tuagullleo
1781 3926 1854 3994 ileos
1875 3939 1924 3979 co·
1943 3982 1949 3986 .

1129 3995 1210 4050 luisse
1235 3995 1342 4055 dicitur.
1371 3997 1462 4068 ltaque
1484 3996 1568 4055 Sauro
1592 3998 1710 4067 quodam
1735 3997 1818 4055 littera
1844 4011 1926 4051 uranu

1128 4065 1206 4121 tlrura
1221 4065 1342 4136 injiciens
1356 4066 1489 4134 dentatis.
1504 4084 1520 4122 a
1534 4068 1670 4134 Leonida,
1697 4083 1777 4139 pareo
1789 4077 1817 4123 et
1830 4080 1926 4122 serore

1127 4151 1203 4202 utro,
1218 4136 1253 4192 ita
1266 4134 1316 4191 luit
1329 4148 1468 4208 correptus
1484 4156 1490 4192 :
1508 4139 1552 4195 Sic
1566 4139 1699 4208 odoleiit,
1715 4154 1792 4209 quarn
1811 4138 1926 4209 regiones

1127 4207 1274 4279 antegerio,
1291 4208 1333 4261 nli
1345 4212 1348 4215 “
1359 4210 1412 4262 lune
1427 4220 1574 4263 noscuntur.
1599 4209 1682 4279 Cujus
1704 4210 1777 4264 nocis
1802 4206 1926 4264 memori

1128 4292 1210 4346 (quum
1223 4288 1314 4349 postea
1338 4279 1422 4336 uictor
1446 4280 1543 4336 Arabia
1568 4291 1640 4336 esset
1662 4279 1780 4351 potitus,
1796 4279 1925 4404 proadem

1129 4348 1242 4405 odorum
1256 4352 1309 4403 vim
1324 4349 1449 4405 Leonidae
1463 4350 1567 4413 misisse
1581 4350 1697 4417 dicitur,
1720 4365 1780 4405 cum
1823 4363 1853 4404 oc
1866 4348 1926 4403 elo·

1129 4421 1173 4489 gin
1188 4437 1195 4473 ι
1211 4436 1243 4474 ne
1256 4420 1361 4488 partlm
1375 4423 1401 4475 in
1423 4420 1534 4477 Deorum
1557 4422 1694 4476 nortoritus
1716 4420 1852 4475 restrictior
1872 4433 1926 4472 este

1130 4490 1214 4556 uellet,
1228 4507 1292 4561 quor
1306 4491 1457 4562 intelligeret
1476 4492 1544 4546 donn
1558 4492 1673 4546 hilariter
1683 4492 1769 4547 citata
1790 4501 1841 4543 tout
1854 4489 1927 4571 largo

1132 4578 1209 4623 monn
1234 4561 1380 4629 rependere.
1404 4561 1520 4618 Narrant
1543 4562 1681 4617 historiam
1713 4562 1876 4625 Pluterolrus
1898 4574 1927 4615 tn

1127 4631 1205 4687 llleu.
1219 4646 1245 4686 c.
1260 4648 1330 4687 xeru.
1352 4643 1380 4687 et
1403 4632 1539 4702 Apoplrtlr.
1553 4648 1654 4688 xxxin.
1672 4632 1741 4688 Ptin.
1757 4648 1804 4687 ru.
1822 4630 1865 4687 tt.
1882 4630 1926 4685 lt.

1129 4702 1248 4771 lienique
1261 4718 1395 4758 rrrarmora
1408 4715 1436 4759 et
1446 4703 1549 4769 nummi
1560 4718 1615 4758 rem
1631 4712 1693 4758 ante
1703 4703 1796 4758 oculos
1810 4708 1926 4773 ponunt,

1129 4783 1157 4829 ut
1170 4773 1240 4845 apud
1255 4773 1396 4829 Clauulium
1410 4774 1500 4841 ridere
1518 4774 1582 4830 lieet
1598 4774 1630 4829 in
1646 4788 1781 4829 tmarrnore
1805 4775 1929 4829 liomauo

1128 4845 1257 4912 antiquo,
1272 4844 1343 4913 quud
1358 4843 1467 4899 adducit
1480 4854 1508 4899 et
1532 4844 1641 4899 extrioet
1660 4845 1686 4900 in
1706 4845 1776 4899 libro
1799 4844 1835 4899 de
1856 4842 1928 4897 liuli-

1127 4916 1207 4986 ginue
1222 4914 1345 4971 letenna
1366 4915 1445 4973 llour.
1459 4929 1494 4970 eo
1512 4915 1539 4970 in
1553 4915 1613 4971 loro
1626 4914 1671 4970 ubi
1694 4914 1728 4969 de
1749 4914 1866 4968 uestibus
1878 4911 1929 4968 Sa·

1128 4985 1266 5043 cordurum
1277 4986 1373 5057 artinis
1386 4988 1449 5055 agit,
1460 4996 1489 5041 et
1501 4988 1527 5041 in
1542 5001 1651 5041 nummo
1663 4984 1773 5041 Lucillur
1787 4990 1926 5052 angustae,

1128 5058 1173 5113 ulri
1187 5056 1230 5113 illa
1245 5057 1336 5112 trebitu
1349 5056 1460 5111 Pietatis
1481 5057 1546 5113 larua
1566 5072 1685 5113 acerram
1708 5065 1800 5120 tenet,
1825 5053 1921 5109 dextre

1129 5128 1190 5182 tlrtts
1216 5128 1316 5193 mittit,
1333 5128 1405 5182 trinit
1418 5128 1505 5196 dlqitit
1525 5128 1590 5196 llere
1608 5139 1705 5199 copto,
1726 5136 1756 5181 ut
1778 5123 1848 5193 apud
1873 5122 1930 5176 Pli-

1128 5200 1201 5252 nium
1217 5196 1262 5250 lilr.
1280 5212 1357 5253 xxiv.
1373 5212 1399 5252 c.
1415 5197 1461 5254 to.
1476 5200 1602 5256 emendet
1621 5199 1739 5269 Scaliger
1751 5196 1837 5267 Epist.
1851 5207 1927 5249 urin.

1127 5269 1201 5323 illum
1215 5268 1301 5323 Ouidii
1320 5269 1411 5324 lucrum
1430 5269 1587 5334 adducens,
1651 5278 1671 5305 ··

1156 5366 1161 5377 “
1189 5360 1221 5412 Et
1231 5358 1314 5424 digitis
1324 5360 1371 5410 tria
1382 5360 1454 5411 thura
1468 5363 1549 5411 trilrur
1559 5361 1605 5411 sub
1615 5349 1788 5425 limine'pouit.

1126 5444 1228 5500 Eadem
1254 5444 1363 5499 Pietatis
1390 5442 1493 5511 tactos,
1520 5445 1589 5500 idem
1617 5444 1722 5498 lralritus
1748 5443 1775 5509 in
1799 5442 1831 5499 t.
1863 5439 1930 5501 AElil

1128 5517 1392 5640 tuntumulpepnitttr,
1413 5516 1463 5570 nisi
1478 5516 1599 5589 quodibi
1621 5515 1685 5570 larua
1707 5514 1788 5571 etiam
1809 5522 1931 5584 poterant

1130 5598 1328 5729 ωἱῗῗιᾸιιιὲἱεᾶ
1348 5656 1445 5709 ardoris
1470 5658 1606 5731 luerqntur.
1620 5655 1696 5711 Barr.
1712 5655 1801 5711 lllron.
1820 5652 1930 5710 llernld.

1130 5732 1230 5797 etipse
1252 5728 1349 5797 lligalt.
1366 5727 1486 5784 scribunt
1504 5744 1555 5782 uon
1585 5727 1701 5782 Arubium
1714 5744 1739 5780 a.
1757 5726 1776 5780 l.
1792 5725 1932 5797 quomoda

1131 5808 1159 5859 et
1171 5798 1250 5880 ²⁶23·
1268 5798 1320 5858 Sed
1331 5798 1419 5856 miuus
1433 5808 1527 5870 recte,
1542 5797 1612 5856 delet
1626 5798 1698 5856 enim
1713 5797 1790 5866 fuld
1816 5805 1842 5854 et
1853 5795 1929 5851 tarn.
