4242 6259
174 325 231 387 887
740 314 970 378 utssttartsto
988 316 1020 378 a.
1040 316 1086 375 LE
1102 313 1256 378 nonant.
1767 314 1823 378 800

177 439 228 497 Dei
236 436 436 495 annuntiabatur
445 449 497 493 nen
510 433 663 507 saldaniae
673 432 772 506 penitsn
783 474 792 502 ,
805 441 832 489 at
842 434 971 490 asismat
983 433 1011 495 Α
1022 433 1248 507 quemadmodum
1256 427 1585 504 metamaucenses
1599 428 1713 503 ipsemet
1723 430 1823 490 Auetm

175 532 205 588 in
219 530 284 587 Filii
299 528 412 597 moriae,
432 536 478 584 ant
490 526 522 583 de
540 524 630 583 Patris
643 525 759 591 minine:
772 541 823 581 non
836 524 975 582 desereris
1026 535 1118 583 noster
1141 524 1229 583 adituc
1250 523 1398 582 andiendus
1420 533 1485 581 estr
1510 522 1553 580 Nc
1567 524 1633 580 eninr
1653 524 1823 596 intatiimmnt

176 625 289 692 incasto,
305 640 356 679 noa
366 621 399 678 de
410 630 500 694 stupro
512 620 589 690 filia,
601 620 773 692 anconiscis
783 619 876 676 aliena
894 617 976 674 lirum
1026 619 1164 690 pristinam
1173 618 1268 675 Cimrti
1280 617 1426 682 adrentum,
1437 617 1574 687 credituri,
1589 617 1822 687 siintsiieeirsent,

177 728 276 792 patrem
295 732 385 788 passas
406 725 443 772 est
468 727 675 788 spuantmatton,
698 725 743 772 aut
756 725 907 781 cornutam,
930 722 976 770 aut
1026 719 1049 765 rt
1073 710 1233 766 contemturi
1250 710 1374 777 mmtem,
1393 710 1417 765 si
1429 709 1610 775 credidissent,
1632 709 1750 764 metitum
1774 711 1823 782 fait

178 813 321 886 plumatum
341 819 499 878 amatorem,
526 811 553 866 in
575 826 639 866 atrro
663 826 820 866 corruerrran.
848 809 976 878 Darnaidir
1026 800 1146 856 delicium
1159 815 1257 858 earum.
1270 799 1328 871 lati
1339 802 1425 873 ledani
1437 801 1474 856 t'ls
1486 802 1608 873 umatum
1618 817 1629 857 .·
1639 800 1775 857 mulctatos
1788 818 1816 858 ts

177 904 249 961 iacit
265 905 314 960 ista
332 912 390 959 sunt
410 902 515 957 nomina
534 911 617 958 rutra
640 900 813 971 (Tertullinn.
838 900 973 972 apolopet.
1025 893 1150 963 mpientia
1163 903 1187 948 et
1201 893 1386 965 intellt'amdo,
1406 903 1429 948 el
1450 894 1584 949 ocsmrttat
1597 903 1621 950 et
1634 895 1736 950 annun
1747 895 1822 967 impe

176 1013 234 1067 cap.
253 995 299 1062 il,
311 1012 372 1067 pap.
388 992 463 1065 000).
477 995 564 1065 Atque
579 995 615 1049 ita
629 994 687 1049 itae
700 993 822 1066 teguntur
836 993 861 1048 in
876 994 975 1049 uostris
1028 982 1200 1055 (Terlttdt'sm
1222 984 1355 1057 daciones·
1371 999 1429 1057 con
1444 984 1563 1057 Timon.
1580 984 1656 1059 tuo).
1672 985 1822 1060 Cyprianus

177 1087 317 1145 codicibus
338 1085 546 1159 manuscriptis,
559 1084 678 1142 ctcditis
692 1085 902 1149 uetustioribus,
922 1083 974 1141 nisi
1026 1089 1091 1132 v0¹0
1104 1076 1144 1132 ⁵10
1159 1090 1264 1132 rursum
1290 1076 1349 1148 eid-i
1372 1078 1469 1148 tressi!
1490 1078 1615 1149 00500οῑ
1639 1079 1715 1147 0100
1737 1087 1823 1135 “didm

176 1179 247 1251 quod
268 1180 295 1235 in
309 1178 352 1236 his
366 1187 494 1250 punctam
508 1184 569 1249 post
581 1192 679 1234 nomen
693 1175 821 1233 Danaidis
839 1192 972 1249 manere,
1026 1166 1075 1222 ior
1086 1166 1238 1223 indoeoratn
1257 1168 1367 1241 papulas
1380 1168 1521 1242 inteliipere
1533 1185 1583 1225 narr
1602 1171 1700 1242 passu,
1714 1170 1822 1227 delicto-

175 1283 204 1328 ct
217 1288 309 1328 numm
323 1286 373 1343 pro
383 1287 456 1328 aare.
470 1273 503 1326 at
514 1270 646 1343 Ripaltius
660 1270 723 1326 iliad
737 1269 862 1326 Dmaidis
876 1287 974 1328 nomeu
1025 1280 1082 1319 tum
1096 1265 1212 1320 numism
1226 1265 1284 1336 titii·
1300 1263 1346 1319 St‘c
1367 1274 1439 1320 aaut
1459 1266 1592 1336 tumentia
1605 1274 1629 1322 et
1651 1264 1823 1336 intedipantia

176 1363 286 1420 abstulit
306 1366 436 1442 propria,
459 1364 497 1420 nti
516 1364 618 1436 liquot,
633 1364 809 1431 auctoritate,
834 1374 861 1419 et
880 1371 973 1420 corntrn
1024 1356 1276 1422 cenomannum·
1291 1367 1318 1411 “l
1332 1355 1378 1429 0οῐ
1401 1356 1453 1411 000
1466 1356 1566 1428 fodisti
1583 1366 1681 1423 emti·
1705 1357 1824 1412 000000

175 1457 296 1513 omnium
310 1455 433 1514 codicum
443 1456 686 1528 manuscriptorum
700 1465 728 1514 et
737 1456 870 1513 editorum
881 1455 971 1515 iidem.
1025 1451 1102 1504 stan
1114 1459 1174 1505 ante
1184 1451 1280 1518 etaim,
1295 1466 1342 1505 nec
1351 1450 1463 1510 nidermt
1476 1450 1610 1525 (Cyrnon.
1624 1451 1670 1508 aa.
1681 1449 1821 1508 daldoior.

175 1545 271 1603 Drinio
286 1547 454 1618 percolaris
472 1547 506 1604 ad
528 1547 644 1620 uirgines
664 1558 693 1603 et
714 1546 842 1604 mulieres
863 1559 973 1605 constu-
1024 1541 1127 1613 Madd)-

173 1637 293 1708 prendas
313 1638 533 1695 emersionibus
550 1652 566 1693 a
589 1637 667 1694 nobie
685 1637 786 1694 dictum
799 1648 841 1694 est
856 1639 882 1696 in
895 1654 974 1710 supe-
1061 1634 1247 1691 amansusem
1260 1633 1294 1691 ad
1308 1633 1365 1690 truc
1375 1633 1470 1707 procul
1486 1632 1569 1690 dubio
1580 1632 1779 1700 collocabant,
1790 1646 1823 1690 ae

172 1729 424 1796 riontonsnostrts,
439 1744 472 1785 ac
486 1731 634 1800 pracsertim
648 1729 675 1784 in
689 1727 800 1785 arnobii
818 1729 972 1789 librosdis·
1024 1727 1106 1784 tacito
1128 1728 1256 1793 nomine,
1272 1727 1392 1783 citabant
1416 1726 1491 1783 isaias
1512 1725 1610 1782 verbs:
1630 1724 1705 1781 Dices
1726 1727 1822 1798 popule

172 1820 528 1895 mintiontoustttaarat.
540 1822 568 1877 iu
581 1822 678 1878 Arnai.
692 1839 749 1894 rap.
767 1822 795 1890 0,
809 1832 860 1880 art.
874 1823 920 1897 l).
985 1821 1099 1887 Binis:
1121 1819 1217 1875 Audite
1239 1819 1388 1886 audientes,
1414 1826 1438 1874 et
1470 1817 1549 1873 nndte
1570 1817 1718 1889 imeiiipere,
1738 1826 1762 1874 tt
1780 1818 1821 1873 si·

1023 1914 1080 1968 dete
1113 1913 1254 1979 visionem,
1281 1921 1305 1966 et
1331 1914 1410 1968 notite
1446 1927 1605 1983 euanescere.
1634 1909 1745 1970 Emesa
1770 1929 1816 1968 cor

175 2050 301 2108 &mm
313 2049 408 2107 (Μή
422 2049 449 2105 5„
460 2058 541 2106 um„
553 2049 689 2106 “dmm
702 2066 755 2105 m
769 2066 843 2122 pom
854 2052 973 2125 mm
1023 2006 1111 2078 popuii
1122 2004 1215 2111 trojus,
1236 2013 1258 2059 et
1282 2020 1357 2110 nares
1369 2006 1424 2077 aar
1436 2020 1568 2110 appraea,
1584 2013 1609 2060 et
1619 2003 1707 2109 amtor
1720 2005 1821 2075 cicade,

1023 2114 1054 2153 ne
1079 2097 1250 2167 {artensem
1280 2098 1377 2162 oculta,
1402 2106 1426 2153 et
1447 2097 1551 2152 auctius
1573 2097 1681 2164 audiat,
1702 2106 1726 2153 et
1747 2099 1823 2155 corde

270 2145 388 2213 iudaeis,
403 2145 454 2201 niti
465 2160 533 2201 ceta
543 2144 711 2200 obstinatione
724 2145 863 2203 artasatis.

475 1950 627 1993 ΔΙΤΙΟΠΗΙΩ
640 1951 668 1993 ll.

1021 2206 1068 2246 tnta
1082 2189 1224 2261 inteiligas,
1239 2199 1443 2260 attenuatatur,
1455 2202 1479 2246 et
1488 2207 1575 2246 sanan
1588 2207 1646 2247 eam
1656 2188 1746 2263 (lsai,
1760 2207 1820 2265 cap.

207 2282 351 2355 mmmm
361 2280 543 2340 Tertullianus
554 2282 685 2340 adremon
696 2282 982 2356 {pensilescompuemx
1022 2284 1059 2352 6,
1082 2301 1107 2340 s.
1133 2283 1150 2341 0
1170 2293 1195 2340 et
1217 2283 1275 2355 to).
1298 2283 1364 2354 Qum
1390 2285 1500 2356 quidem
1521 2285 1601 2342 citata
1622 2285 1743 2342 inuenies
1767 2300 1821 2344 non

171 2375 368 2448 explicuimus,
401 2374 484 2431 modo
504 2373 667 2445 disputarit,
694 2383 750 2430 tum
773 2375 901 2432 curtiano
924 2375 970 2432 illa
1021 2378 1109 2435 solum
1119 2379 1146 2432 iu
1157 2375 1273 2433 ilattlnei
1285 2377 1430 2449 Evangelio
1455 2386 1482 2434 et
1495 2377 1606 2435 Actibus
1619 2376 1820 2448 Apostolorum,

172 2482 237 2524 nera
256 2464 441 2539 esseprabat,
463 2481 524 2538 quae
535 2465 683 2524 Christiani
697 2475 791 2523 contra
805 2467 914 2525 ludaeos
935 2469 970 2528 de
1020 2472 1069 2529 sed
1090 2488 1106 2527 a
1128 2470 1232 2527 scanne
1254 2470 1335 2528 etiam
1357 2469 1526 2542 evangelista
1547 2470 1665 2526 truncia
1690 2468 1819 2526 modurn:

171 2556 272 2615 Cirristi
285 2556 391 2613 Domita
403 2557 525 2615 aduentu
537 2556 683 2615 timebant.
698 2556 744 2614 Sic
755 2558 855 2630 quippe
872 2574 969 2631 prose·
1021 2562 1165 2636 Propterea
1185 2579 1237 2618 nan
1264 2570 1383 2632 poterant
1407 2561 1526 2626 credere,
1559 2561 1621 2632 qaia
1640 2560 1732 2658 iterarp
1754 2560 1821 2617 diait

169 2649 277 2721 dullart
301 2649 423 2706 Sct'edstd
444 2657 468 2705 el
491 2648 578 2705 Jsdoei
599 2655 731 2705 acolitum
752 2666 806 2707 esst
823 2647 967 2719 emeram,
1020 2655 1132 2713 lanias:
1160 2654 1307 2712 Eminentia
1331 2653 1418 2710 oculos
1441 2669 1547 2717 eorum,
1575 2662 1599 2707 ct
1624 2651 1754 2707 induraris
1775 2668 1820 2708 cor

170 2742 265 2798 saliret
277 2742 370 2815 qsiias
389 2742 520 2813 propiata
532 2740 705 2810 loaneiatrtur.
721 2741 791 2798 Nam
803 2751 827 2799 et
840 2759 907 2798 nune
918 2744 968 2798 ad·
1020 2764 1127 2815 eorunm·
1140 2757 1168 2803 at
1186 2764 1239 2803 non
1253 2745 1355 2802 uideant
1373 2745 1472 2809 acatis,
1493 2753 1517 2799 et
1535 2743 1678 2814 inteliipant
1690 2742 1782 2811 corda,
1795 2753 1820 2800 et

170 2842 271 2889 sentum
291 2834 347 2905 aas
364 2842 530 2905 ampactant,
551 2850 597 2889 nac
619 2832 673 2888 alia
694 2834 777 2906 mapir
798 2834 969 2892 internecet
1019 2847 1213 2904 connotantur,
1237 2846 1261 2894 et
1279 2852 1366 2893 sanam
1387 2852 1430 2891 aar
1453 2832 1573 2906 (matt.
1593 2849 1652 2903 cap.
1672 2832 1700 2896 l,
1722 2849 1747 2889 c.
1771 2832 1818 2902 tt,

169 2925 228 2982 itta
238 2926 407 2999 commotio
425 2935 481 2993 est,
496 2942 572 2996 qaam
590 2927 659 2998 qaod
668 2926 727 2998 iant
740 2927 898 2984 nenittenon
910 2943 968 2984 cre·
1009 2931 1077 2996 =Act.
1091 2947 1151 2995 cap.
1165 2928 1213 2996 08,
1228 2945 1253 2984 a.
1277 2926 1325 2983 Ti.
1338 2926 1454 2982 dodana.
1475 2941 1534 2996 cap·
1551 2923 1597 2991 ll,
1618 2939 1643 2979 n.
1658 2923 1694 2983 ts
1707 2933 1731 2980 et
1748 2924 1786 2982 ld
1796 2925 1818 2999 ).

169 3017 243 3073 dunt.
257 3015 366 3074 Dacius
378 3018 447 3077 anim
461 3019 516 3088 eina
526 3017 675 3074 odoentidar
686 3017 854 3091 sinnitensis,
866 3021 966 3092 prima,
1019 3023 1075 3082 Sed
1089 3024 1123 3082 de
1141 3022 1241 3080 induas
1253 3019 1414 3078 intolerabili
1431 3032 1541 3091 prorsas
1555 3018 1742 3076 obstinationis
1755 3020 1819 3077 nitio

168 3109 212 3181 qai
219 3111 278 3180 iarn
290 3122 445 3183 erpanctnr,
461 3112 519 3168 sine
531 3124 657 3179 exactus,
673 3120 700 3168 et
714 3111 855 3172 constectus
867 3154 875 3182 ,
889 3122 927 3170 ert
939 3114 969 3170 in
1019 3114 1179 3181 obcecatis,
1199 3113 1298 3185 quique
1319 3110 1421 3167 idcirco
1440 3109 1553 3167 credere
1566 3108 1682 3180 amplius
1703 3124 1757 3166 non
1771 3124 1820 3181 po·

169 3201 313 3258 maturate
330 3203 483 3259 contumuit
501 3204 637 3270 itomanam·
655 3205 777 3271 secanda,
804 3205 849 3276 qrri
861 3206 1000 3275 conclu-c
1016 3210 1101 3264 tuisse
1114 3206 1249 3272 dicuntur,
1272 3204 1299 3260 in
1314 3200 1454 3260 nostratis
1474 3201 1605 3259 tremotis
1627 3201 1701 3258 libris
1715 3202 1818 3259 tisser-

168 3292 252 3348 dcnda
263 3293 357 3349 scenio
366 3293 481 3351 imminet
496 3294 524 3349 in
538 3295 693 3349 sullimitate
703 3295 844 3350 diuinitatis
854 3306 966 3364 matta,

167 3385 266 3454 idest,
286 3385 438 3457 conspicua·
452 3395 481 3443 et
499 3387 665 3452 manifestae,
678 3388 790 3457 pansam
804 3404 856 3443 nnn
869 3387 967 3446 intelli·

167 3481 270 3553 pendo,
293 3478 429 3535 muntiant
450 3496 524 3552 mem
547 3481 707 3553 rnanisestitta
726 3480 893 3552 predicatum
907 3498 967 3555 spe·

166 3581 236 3637 rant,
247 3587 325 3626 unam
332 3571 536 3629 esiatimanerttnt
545 3572 709 3646 (Tatniiian.
721 3572 855 3645 Apoinpet.
864 3573 966 3648 capii,

167 3679 229 3735 pac.
242 3661 320 3733 lid).
333 3663 370 3719 Dc
390 3663 442 3719 itae
454 3672 544 3721 autera
559 3663 716 3720 Tertulliani
729 3661 804 3719 lente
816 3664 967 3737 Cyprianus

166 3771 243 3814 more
261 3771 311 3814 suo
330 3758 445 3830 putarim
463 3768 545 3830 atque
557 3771 622 3815 stttts
633 3758 674 3815 sie
686 3757 822 3816 transtulit
835 3759 863 3815 in
883 3774 964 3816 usus:

166 3848 287 3907 aennon
307 3859 331 3906 et
347 3849 435 3906 ludaei
455 3849 583 3907 dissimum
602 3866 657 3908 erte
673 3860 816 3906 samaram
833 3849 904 3906 Nam
925 3852 967 3907 irie

166 3940 219 3997 iliis
232 3958 332 4013 semper
345 3942 475 4015 propinetis
488 3942 681 3999 adanonentidur
691 3942 899 3999 asstantiadatar.
912 3943 967 4001 Sed

165 4035 309 4108 siptdticata
323 4036 421 4106 dttpiici
434 4037 490 4109 ep'tts
505 4035 633 4103 aduentu,
648 4051 701 4091 uno
714 4037 757 4107 qai
770 4036 797 4091 in
809 4036 929 4092 mnatre
940 4045 966 4092 et

166 4127 282 4197 esanpto
293 4127 403 4183 normata
417 4131 575 4201 fttnperetar,
588 4126 670 4182 altera
682 4128 725 4193 psi
739 4127 822 4184 Deam
831 4128 964 4199 satanan,

1019 3301 1121 3356 tatione
1132 3299 1187 3371 jann
1202 3295 1409 3368 disputavimus,
1424 3303 1504 3366 atque
1526 3294 1594 3349 inira
1608 3293 1721 3351 articula
1735 3296 1818 3351 tertio

1019 3390 1118 3464 aliquid
1143 3389 1231 3446 adhuc
1251 3386 1394 3445 dicendum
1410 3384 1569 3458 (Dissertat.
1584 3384 1816 3457 inducentem.

1020 3483 1065 3546 ld,
1080 3491 1128 3537 art.
1144 3482 1194 3553 ἱ).

1054 3574 1146 3646 Neque
1156 3573 1201 3629 hic
1210 3572 1283 3628 stetit
1297 3570 1425 3628 indomita
1438 3581 1465 3626 et
1474 3584 1547 3627 ctera
1560 3569 1715 3627 satenrani
1730 3568 1818 3641 perri·

1019 3670 1094 3727 cacia
1106 3686 1114 3723 r
1128 3667 1177 3724 sed
1189 3682 1250 3723 cnm
1262 3664 1386 3722 Christus
1398 3662 1524 3720 inauditis
1537 3662 1668 3728 haemona
1680 3662 1818 3719 miraculis

1019 3779 1052 3821 ex
1067 3761 1161 3818 :aterni
1178 3759 1219 3815 sui
1233 3758 1321 3814 Patris
1332 3758 1394 3812 sinn
1409 3755 1559 3812 sevenisse
1572 3755 1714 3825 unicuique
1728 3753 1817 3809 mani·

1019 3852 1162 3911 lectissime
1177 3849 1358 3924 pateinrceret,
1380 3848 1437 3903 trac
1459 3846 1498 3903 illi
1519 3847 1630 3918 stragicis
1651 3845 1754 3903 artibus
1767 3845 1817 3902 tri·

1018 3946 1102 4003 batere
1116 3942 1175 4000 nusi
1185 3952 1258 3999 sunt.
1267 3941 1367 3998 Verum
1393 3939 1546 4004 enimvero,
1559 3954 1634 4008 anem
1645 3937 1816 4003 solummodo,

1018 4044 1054 4101 ita
1083 4042 1169 4114 pergit
1193 4038 1390 4103 Tertullianus,
1405 4036 1533 4091 ioannem
1548 4041 1764 4104 meaampmrant
1784 4034 1847 4096 de,

1018 4136 1179 4198 handlitme,
1195 4133 1346 4203 monetator
1358 4129 1395 4183 uti
1414 4142 1519 4198 ntapant
1537 4125 1692 4180 estimarent
1717 4123 1750 4180 dt
1769 4140 1816 4196 po·

166 4221 217 4275 non
233 4219 399 4291 intriiipmda
418 4220 529 4290 priunum
544 4220 698 4288 adtentum,
712 4221 755 4292 aar
766 4221 884 4290 pandant
899 4237 966 4293 ara·
1017 4238 1115 4292 testate,
1130 4242 1187 4282 eant
1200 4224 1244 4279 iiie
1257 4223 1331 4278 serio
1343 4219 1470 4277 damonia
1481 4216 1666 4271 deirontiniias
1677 4225 1815 4285 matera,
1837 4264 1841 4270 .

165 4311 239 4366 ‘ml‘
257 4312 388 4379 millu,
403 4328 483 4367 “illm
497 4322 596 4368 tarttttnt
608 4313 734 4379 “edidit
749 4314 793 4385 0οὶ
808 4315 855 4369 m'l
868 4316 897 4370 in
917 4331 966 4387 po·
1016 4337 1096 4378 cacos
1110 4319 1283 4382 reluminaret,
1299 4316 1459 4384 amcam...
1473 4307 1744 4382 ostentamenta„
1758 4307 1814 4374 Dei,

165 4408 253 4457 tutata
265 4403 415 4472 manifestat
424 4403 564 4476 (Cypriam.
580 4402 838 4476 sciscitationis).
1016 4413 1043 4468 ia
1056 4422 1111 4475 est,
1131 4409 1232 4466 uniant
1251 4405 1317 4462 iilud
1331 4399 1512 4473 nmmordioit,
1535 4401 1749 4471 printoaetritrtm,
1763 4399 1816 4454 rir-

201 4493 320 4565 U¹⁰¹T¹0
342 4496 421 4566 illll*r
441 4494 538 4552 ‘²²0²'st
556 4511 649 4552 imm
674 4495 756 4552 00380
779 4496 897 4564 Chllsslls
918 4510 963 4552 ²⁸·
1016 4518 1069 4562 tute
1082 4514 1105 4559 et
1117 4503 1215 4558 ratione
1235 4499 1328 4572 tottam
1342 4494 1515 4569 (Tertullian.
1529 4493 1664 4567 Apolopat.
1684 4508 1745 4563 cap.
1764 4490 1811 4548 2¹.

163 4595 273 4656 sumpta
293 4585 408 4642 nonrtnts
421 4602 517 4653 cartre,
542 4588 697 4645 adventurn.
712 4587 816 4644 Etenim
831 4588 866 4643 alt
887 4597 963 4644 nete·
975 4594 1003 4655 l)
1016 4618 1042 4671 p.
1067 4595 1141 4668 ltili).
1156 4594 1195 4650 lta
1209 4592 1236 4648 ia
1247 4589 1353 4661 Rigaltii
1367 4586 1494 4643 editione.
1508 4584 1536 4641 ln
1552 4586 1652 4639 nostris
1663 4590 1752 4639 autem
1764 4597 1813 4639 eo·

163 4676 241 4737 ribus
259 4678 397 4750 maioque
416 4681 554 4752 propinetis
574 4690 629 4736 tam
650 4688 761 4750 aparte,
785 4678 864 4738 sicuti
886 4681 965 4753 pnnio
1017 4689 1136 4754 arsinus,
1155 4692 1270 4742 stantes
1284 4680 1380 4740 editis:
1397 4678 1577 4734 Onendensse
1589 4692 1662 4742 aare,
1677 4674 1734 4731 sire
1760 4691 1815 4733 rese

163 4777 229 4826 ante
249 4761 418 4841 monttimus,
445 4774 641 4843 praenuntiatus
660 4781 718 4839 est,
733 4783 761 4829 ut
780 4771 865 4830 iudai
891 4774 964 4830 illum
1021 4780 1131 4837 vatam
1151 4777 1215 4845 liei,
1239 4775 1266 4829 id
1291 4782 1345 4839 ert,
1361 4776 1433 4842 teas,
1460 4769 1546 4834 iitad;
1569 4782 1602 4823 ac
1625 4775 1684 4838 post
1703 4766 1814 4822 verbum

163 4862 289 4933 ignorare
309 4878 362 4926 nan
382 4867 526 4936 potuerint.
543 4866 642 4923 verum
656 4866 718 4938 arria
732 4865 854 4924 Glsristns
868 4869 895 4923 in
912 4866 964 4925 lra-
1017 4875 1128 4949 salttum,
1142 4871 1169 4929 in
1184 4871 1223 4927 cis
1235 4866 1356 4923 additum
1370 4875 1429 4931 cst,
1443 4862 1561 4918 cumdem
1578 4859 1712 4932 peinais
1729 4860 1815 4915 onmia

164 4967 251 5010 manse
269 4954 431 5014 conditionis
453 4957 603 5014 hnmilitate
626 4957 769 5014 tnnrtalem
789 4959 869 5016 vitato
890 4959 963 5031 egit,
1015 4976 1039 5025 et
1050 4969 1145 5040 faama
1158 4962 1300 5034 etsecissat.
1321 4956 1374 5015 Sed
1391 4957 1518 5028 quonam
1541 4956 1628 5025 priora
1644 4950 1815 5009 veroaatst·

164 5043 236 5101 hunc
256 5045 342 5103 iudai
365 5063 458 5105 terrim
481 5049 606 5106 Messium
618 5064 681 5108 esse
695 5049 834 5121 protracte
847 5066 963 5124 neganc-
1016 5057 1099 5133 galtis
1112 5054 1274 5125 transposita
1288 5050 1415 5115 luerunt,
1433 5048 1551 5120 aliquam
1581 5046 1676 5102 saltem
1697 5060 1746 5101 cnr
1764 5059 1814 5116 pa·

163 5147 242 5208 '⁰⁰¹2
262 5153 295 5196 ³⁰
314 5141 439 5212 sui>olbia
453 5141 537 5199 01000
551 5152 710 5214 “Ml-'¹¹¹¹
731 5144 861 5211 alteram,
875 5144 922 5217 ‘itti
936 5145 963 5200 itt
1015 5150 1129 5208 steriorn
1149 5145 1290 5214 deleverit,
1304 5141 1437 5199 rationem
1455 5137 1568 5196 reddere
1586 5137 1712 5194 debebat.
1731 5133 1816 5192 Num·

163 5227 218 5286 dae
228 5230 319 5288 mundi
330 5247 392 5289 cnm
402 5241 458 5289 tnta
471 5233 568 5291 diuinae
577 5235 726 5305 majestatis
737 5235 821 5307 pieria
835 5246 964 5295 venturus
1015 5242 1079 5315 qnia
1098 5249 1188 5297 autem
1208 5253 1240 5293 ea
1254 5236 1365 5305 rejecit,
1379 5232 1421 5290 nel
1435 5231 1497 5302 quia
1517 5229 1553 5286 iot
1570 5237 1613 5285 est
1624 5227 1813 5292 solaecismus.

161 5331 215 5381 ast.
236 5323 288 5382 Sed
312 5325 376 5384 aiibi
399 5326 566 5384 ostendimus
590 5326 768 5384 voluntarium
790 5328 875 5386 insse
893 5328 963 5386 hunc
1016 5333 1061 5391 rel
1085 5333 1146 5403 quia
1168 5329 1271 5387 inutilia
1293 5340 1355 5385 esse
1374 5324 1519 5382 arbitratos
1534 5320 1599 5378 esti
1620 5318 1691 5388 unta
1706 5333 1771 5377 rere
1790 5319 1815 5376 si

162 5412 316 5473 ludaeorum
337 5427 476 5484 morena,
502 5418 547 5490 qui
570 5433 624 5475 non
646 5419 734 5475 solum
757 5434 772 5474 a
797 5419 963 5477 Tertulliano
1014 5437 1163 5498 pronomen
1192 5420 1309 5478 eandem
1334 5417 1368 5474 ad
1393 5420 1459 5489 tipus
1485 5413 1636 5472 reseraturi
1661 5411 1756 5472 Nonne
1786 5411 1813 5467 in

162 5517 273 5578 nostro,
286 5510 677 5583 nemorumnemorum
690 5526 706 5568 a
722 5510 860 5568 metantis
874 5511 962 5570 lundi·
1012 5515 1124 5572 loannis
1139 5511 1284 5583 Evangelio
1295 5508 1424 5582 legimus,
1440 5504 1602 5576 Principium
1614 5503 1659 5575 aui
1681 5511 1706 5559 et
1724 5502 1813 5572 tonsor
1935 5521 1940 5526 ⁸

160 5608 205 5657 tos
218 5601 349 5658 ererdtar
362 5601 510 5675 (dinotet.
526 5602 554 5657 in
567 5600 692 5667 hamat,
715 5617 773 5671 cap.
790 5602 835 5670 li,
854 5610 905 5660 art.
919 5601 960 5677 d).
1013 5611 1082 5667 natis
1097 5607 1214 5681 (danna.
1230 5620 1289 5677 cap.
1302 5602 1379 5671 8,r.
1398 5595 1614 5672 siitNumqaid
1627 5595 1654 5652 in
1669 5594 1713 5652 itis
1724 5593 1813 5651 minor

196 5689 277 5748 Tanti
289 5702 379 5751 antem
393 5694 549 5752 Jooamnn
562 5694 678 5762 erroris,
690 5702 822 5764 tanmane
834 5696 963 5754 oecitatis
1012 5712 1072 5770 est,
1086 5698 1206 5773 quanin
1220 5693 1379 5754 Tertulliani
1389 5692 1479 5753 ambis
1490 5687 1678 5750 antestaret
1690 5685 1812 5760 Denique

159 5800 262 5858 musa,
285 5788 370 5869 inquit
393 5789 595 5860 Tertullianus,
621 5804 716 5850 corum
737 5788 787 5849 init
809 5790 960 5866 mimam,
1012 5794 1108 5853 uitiata
1118 5793 1212 5860 serm,
1224 5802 1285 5863 auu
1298 5788 1326 5852 itt
1339 5783 1464 5848 annum
1476 5781 1577 5845 nutis
1595 5779 1734 5841 micinas
1746 5776 1811 5850 lepi-
