4242 6259
295 362 352 425 our
1009 355 1244 418 ranrutttunr
1726 380 1731 385 -
1897 366 1954 428 sqq

332 478 378 536 17.
399 476 565 551 benique...
586 474 690 534 toribus
710 475 767 534 suis
785 490 840 535 non
852 476 956 550 amatis
968 476 1095 535 omnibus
1106 474 1135 538 Δ
1147 475 1259 547 quaesita
1270 475 1333 533 esti
1345 476 1395 534 etsi
1408 474 1521 534 ultuma
1535 489 1613 535 sacra
1625 475 1776 536 introducta
1790 486 1871 551 sunt,
1885 496 1952 539 non·

296 571 339 630 iris
363 586 432 645 quos
451 571 517 627 deus
538 567 683 641 antiquitas
702 569 800 637 uoluit,
817 569 959 641 posteritas
972 582 1033 626 e...
1049 572 1097 627 su·
1146 565 1210 625 dum
1219 575 1308 625 umen
1317 576 1364 624 ant
1377 567 1539 638 simulacris,
1552 577 1599 626 ant
1612 569 1719 641 templis
1732 585 1777 627 res
1791 579 1898 629 uestras
1911 573 1953 631 di·

295 665 531 740 perditionum...
545 662 590 732 i..,
601 663 786 736 presumptio,
797 662 888 720 cui...
901 662 1006 732 bemus;
1016 677 1096 735 prop·
1147 662 1210 717 vina
1223 660 1397 720 frustrabant.
1406 661 1442 720 tt
1449 661 1529 735 Frugi
1544 662 1640 733 religio
1651 673 1679 721 et
1687 664 1844 737 paupertina
1854 681 1952 739 snper·

295 767 369 815 terea
383 756 487 813 scilieet
498 755 635 813 ilonrauos
645 755 726 812 totius
737 753 812 813 orbis
824 754 945 811 dorni...
960 770 1007 824 se,
1023 753 1096 827 quod
1147 753 1231 823 stilio,
1248 756 1342 812 altana
1358 754 1509 822 temeraria,
1523 769 1587 811 uasa
1599 755 1724 824 sordida,
1736 766 1763 813 et
1773 755 1898 814 nidor...
1918 775 1953 817 ex

295 850 391 910 oidciis
405 850 567 923 religionum
581 850 731 907 meruerint
751 849 907 907 domina...
929 849 969 906 cis
990 864 1095 921 praera-
1148 846 1811 922 iiiis,etdeusipsenusquam....religiosi,quam
1822 849 1951 922 maiores,

294 946 378 1003 leant.
401 945 534 1002 Nimirum
556 944 742 1003 Sterculus...
767 944 818 1001 boc
842 945 1031 1016 imperium...
1046 959 1096 1001 sen
1148 940 1212 1011 quia
1227 940 1356 1013 religiosi.
1371 941 1616 1013 atquinqmmodu
1619 981 1723 997 .........
1737 941 1908 1014 religionem,
1925 954 1955 1003 ut

295 1041 480 1098 Romanorum
492 1039 620 1097 distin...
636 1047 690 1095 iem
709 1048 839 1096 extranco
862 1038 995 1109 purius...
1022 1046 1095 1094 tores
1146 1031 1258 1089 deorum
1270 1033 1506 1105 profundissimam
1517 1049 1609 1091 euram
1620 1035 1951 1106 importunissumus...

295 1140 324 1190 et
332 1131 505 1189 destitutores
517 1132 593 1190 iu...
605 1131 636 1200 ri,
650 1130 801 1203 sepultique
813 1139 885 1187 sunt.
897 1128 936 1186 lta
949 1145 1094 1202 nempe...
1146 1123 1231 1181 uideri
1245 1126 1340 1196 possit,
1353 1126 1424 1198 quod
1436 1125 1509 1183 lasis
1526 1126 1613 1197 potius
1627 1127 1670 1184 dei
1684 1138 1809 1184 sanctuni
1821 1130 1884 1186 esti
1897 1130 1954 1189 Nisi

295 1223 396 1282 oblitus
414 1232 521 1279 anuum
544 1221 611 1280 illud
630 1222 781 1280 idaeum...
805 1221 947 1279 dissimum
970 1221 1094 1280 odorent.
1146 1211 1226 1272 [aliur
1240 1216 1312 1273 eninr
1328 1231 1408 1272 omno
1427 1231 1538 1289 rognum
1550 1217 1593 1273 tei
1606 1217 1747 1289 imperium
1762 1218 1953 1292 bellisqumri·

295 1317 393 1375 Nonne
409 1315 630 1389 omnicapitutiu
633 1354 689 1374 .....
702 1316 788 1373 utilia
809 1314 1096 1388 potiusterraregna·
1148 1315 1193 1363 tur
1205 1315 1234 1365 ti
1243 1307 1322 1366 billis
1333 1308 1489 1379 ampliatur.
1507 1310 1591 1365 P⁰ff⁰
1594 1348 1685 1364 ········
1701 1309 1739 1366 ib·
1759 1310 1846 1367 ‘idei
1865 1311 1951 1369 urbii·

296 1418 384 1475 ret...
397 1410 548 1484 posthabita
561 1409 643 1468 Sarno
652 1410 762 1477 dilecta,
774 1411 901 1481 etutique
911 1408 1096 1467 AEneadarum
1147 1417 1210 1458 itam
1225 1400 1318 1459 eadem
1334 1411 1440 1475 strages
1453 1410 1481 1460 θῑ
1493 1403 1621 1459 ffloeiilssffl
1639 1411 1666 1459 0¹
1680 1403 1857 1474 templorum,
1871 1419 1954 1478 tillet

295 1502 402 1574 ignibus
414 1501 572 1561 adoleri...¹
1149 1493 1239 1550 cades
1248 1501 1276 1551 et
1287 1494 1386 1551 ciuium
1400 1502 1429 1551 et
1439 1494 1627 1561 sacerdotum,
1642 1494 1744 1551 credent
1764 1496 1866 1566 rapine
1888 1512 1953 1568 pro·

671 1574 907 1645 Hicillittsttmt,
1149 1585 1271 1643 fanorum
1291 1596 1319 1643 et
1341 1600 1490 1644 merorum.
1511 1585 1563 1642 Tot
1582 1587 1723 1660 sacrilegia
1744 1586 1951 1657 Romanorum,

332 1666 381 1724 llic
393 1682 489 1725 currus
501 1665 559 1732 iuit,
572 1666 624 1723 lunc
637 1682 750 1740 regnum
764 1668 814 1724 dea
828 1666 952 1739 gentibus
963 1681 1040 1733 esse,
1149 1687 1215 1752 quot
1227 1680 1346 1752 trophaea
1362 1697 1370 1749 3
1386 1689 1425 1737 tot
1438 1680 1473 1739 de
1484 1680 1542 1737 deis
1554 1688 1621 1753 quot
1632 1680 1801 1753 degentibus
1811 1681 1950 1755 triumplu.

331 1760 360 1816 si
369 1775 421 1832 quo
437 1760 489 1816 lata
502 1761 601 1828 sinaut,
612 1762 668 1831 jam
682 1770 745 1817 tuuc
758 1760 895 1833 tenditque
908 1760 1033 1833 fovetque
1043 1759 1095 1835 (a).
1148 1770 1259 1830 Manent
1271 1781 1300 1830 οι
1312 1774 1455 1832 simulacra
1468 1775 1591 1847 caprina,
1606 1783 1635 1832 er
1651 1775 1745 1848 urique
1762 1777 1832 1833 senti
1836 1816 1951 1834 ..........

295 1852 391 1909 blisera
406 1852 536 1910 aduersus
550 1854 602 1909 iate
624 1869 678 1910 non
701 1855 793 1911 ualuit.
809 1855 865 1912 tiec
878 1863 968 1911 tamen
991 1862 1096 1911 mutum
1110 1889 1135 1952 Β
1148 1862 1245 1922 pynon
1257 1877 1358 1923 amam,
1373 1865 1426 1924 seq
1439 1868 1500 1938 quiq
1515 1868 1583 1924 „ipit
1605 1867 1743 1934 spurium,
1767 1868 1877 1941 impune
1899 1871 1948 1926 ιω.

297 1944 407 2001 horroris
432 1943 548 2001 Romani
574 1947 640 2004 satis
666 1945 853 2016 decreverint,
882 1955 911 2002 ut
936 1946 1097 2004 dedentibus
1149 1958 1250 2017 puppup
1252 2000 1355 2017 ,,,,,,,,,
1381 1960 1532 2030 induimur,
1559 1960 1658 2018 frustra
1679 1962 1836 2020 adorantur.
1861 1963 1952 2037 ltaque

296 2035 483 2109 Cartbagincm
511 2037 578 2106 sibi,
603 2048 732 2111 quantntu
757 2040 918 2097 Larentinac.
935 2039 963 2098 Si
988 2038 1031 2099 dei
1055 2039 1100 2098 isti
1149 2066 1263 2123 quorum
1277 2051 1411 2126 sasriginm
1415 2093 1531 2109 ..........
1547 2051 1667 2110 adultum
1681 2063 1743 2123 est,
1763 2072 1817 2113 nnn
1838 2065 1952 2129 possunt

295 2128 452 2187 θθῦῐθῑθῐῐΰῑ
477 2129 503 2184 111
527 2138 637 2200 pute...
653 2131 693 2186 ¹¹52
704 2131 775 2187 0111111
789 2130 893 2204 'flbiles
912 2130 1099 2189 0101911131·
1149 2142 1234 2200 uideri
1246 2145 1384 2217 religionis
1398 2146 1518 2215 meritis,
1532 2147 1684 2204 excrevisse
1688 2186 1743 2202 .....
1767 2148 1810 2204 uis
1831 2150 1889 2206 sire
1902 2149 1950 2206 lar·

297 2231 393 2280 turnus
403 2221 487 2280 ltaliae
502 2232 530 2280 et
543 2223 593 2282 isis
606 2223 773 2299 AEgypto....
788 2236 984 2299 regnaverunt,
1001 2226 1100 2299 quibui
1149 2234 1239 2293 dendo
1250 2245 1403 2294 creuerunt.
1418 2237 1544 2310 Regnum
1564 2237 1697 2295 universae
1709 2239 1835 2298 nationes
1847 2249 1950 2314 tempo·

296 2315 377 2372 ctiam
396 2316 500 2387 operari
523 2315 645 2389 plerique
669 2317 821 2374 traduntur.
847 2317 986 2390 traque...
1010 2321 1098 2377 mines
1149 2328 1225 2387 rinus
1247 2328 1416 2397 habueruut,
1431 2340 1462 2387 ut
1479 2330 1600 2403 Assyrii,
1615 2330 1745 2400 utitem,
1758 2333 1952 2403 utPersa,ut

297 2404 377 2475 lacit,
392 2415 419 2463 ct
431 2406 568 2465 dedititius
589 2409 696 2466 Admeti
716 2411 789 2467 cives
810 2426 938 2468 romanos
962 2411 1096 2484 impes...
1149 2418 1269 2494 AEgyptii
1273 2460 1328 2475 .....
1341 2430 1388 2477 aut
1403 2437 1486 2493 penes
1499 2421 1648 2499 quosdam,
1668 2431 1798 2481 ettamen
1819 2426 1865 2497 qui
1884 2427 1952 2483 ami·

298 2497 351 2555 lern
365 2498 497 2557 cultorem
521 2515 600 2557 snum
621 2499 747 2559 Croesum
769 2503 905 2576 ambiguis
916 2505 1033 2564 sortibus
1047 2506 1099 2562 ial·
1149 2518 1252 2577 serunt,
1266 2525 1321 2567 non
1335 2512 1393 2569 sine
1403 2512 1577 2586 religionibus
1589 2522 1618 2571 et
1631 2515 1713 2584 ctrltn,
1728 2524 1757 2572 et
1770 2515 1804 2572 dc
1817 2517 1951 2589 propitio·

296 2589 425 2647 lcndo....
449 2590 561 2649 timebat
585 2592 667 2649 deum
693 2609 787 2653 rerum
801 2605 956 2655 constanter
975 2613 1099 2670 prnuun·
1150 2617 1209 2657 rum
1223 2601 1335 2659 deorum
1350 2618 1425 2661 mora
1430 2645 1510 2660 .......
1529 2606 1613 2663 cessit
1632 2605 1755 2663 uniuersa
1777 2622 1846 2678 pene
1862 2609 1953 2666 domi·

197 2684 201 2693 '
298 2682 573 2754 tiarereguoexc....
591 2694 722 2756 potestate
744 2688 872 2759 regnandi
895 2703 1003 2761 quoque
1025 2690 1099 2781 velut
1150 2697 1233 2753 natio.
1254 2696 1320 2754 Sors
1342 2706 1492 2769 temporum
1513 2700 1549 2755 ita
1569 2700 1674 2757 nolum
1676 2740 1730 2756 .....
1751 2699 1869 2772 Quarite
1889 2703 1963 2775 quis.

298 2773 326 2828 in
351 2773 431 2831 urbes
455 2790 518 2831 snas
545 2777 612 2832 tueri
617 2817 696 2832 .......
730 2780 887 2849 potuissent.
914 2780 943 2837 Si
970 2782 1099 2842 numanis
1150 2800 1301 2862 temporum
1313 2792 1387 2849 uices
1399 2793 1543 2850 ordinarit
1556 2793 1628 2850 idem
1643 2809 1725 2866 regua
1747 2794 1905 2868 dispensat,
1923 2807 1954 2854 ct

298 2864 456 2935 praestitisse
471 2867 627 2935 valuerunt,
648 2884 696 2925 eur
709 2869 829 2926 actionus
841 2887 856 2927 a
870 2870 960 2930 Xerse
980 2873 1099 2933 Minerua
1151 2898 1224 2941 nuuc
1235 2898 1320 2955 penes
1333 2884 1472 2942 Romanos
1484 2901 1544 2943 eam
1557 2900 1707 2953 summam,
1731 2894 1861 2959 tanquam
1870 2904 1953 2961 pecu·

297 2971 352 3013 uon
365 2956 506 3016 defendit?
523 2961 566 3018 uel
577 2976 626 3017 cur
639 2961 729 3019 Delius
748 2963 782 3020 de
800 2979 880 3020 manu
891 2965 987 3039 Pyrrhi
1002 2968 1099 3039 Apollo
1151 2976 1222 3034 niam
1237 2976 1272 3034 de
1294 2977 1387 3034 multis
1412 2977 1566 3035 nominibus
1583 2987 1705 3034 crucum
1723 2978 1750 3034 in
1763 2995 1843 3035 unani
1861 2996 1951 3039 arcam

298 3068 352 3109 uon
365 3054 456 3110 eruiti
467 3055 604 3112 Seruarim
616 3057 709 3114 urbem
724 3057 855 3128 nomam,
876 3061 923 3133 qui
942 3075 989 3117 sut
1011 3062 1101 3134 purdi-
1151 3070 1323 3143 congregarit
1338 3068 1387 3144 (a).
1402 3070 1472 3140 Quid
1486 3070 1520 3127 dc
1531 3085 1563 3128 aa
1577 3071 1721 3142 statuerit,
1741 3073 1952 3146 sciuurtpruximi

298 3143 413 3201 derunt!
427 3145 456 3204 Si
470 3147 521 3205 boc
532 3149 692 3223 religiositas
703 3152 823 3211 Romana
832 3155 940 3223 meruit;
949 3156 1034 3229 atqui,
1043 3172 1098 3214 uon
1150 3163 1186 3221 ei.

298 3248 360 3312 post
371 3254 508 3300 summum
523 3244 666 3316 imperium
679 3250 764 3305 auctis
775 3250 831 3321 jam
845 3250 927 3308 rebus
940 3256 1097 3326 superstitio
1109 3248 1133 3314 C
1184 3257 1224 3331 (a)
1239 3256 1313 3331 Virg.
1328 3255 1449 3326 Madd,
1463 3256 1484 3325 l,
1499 3256 1535 3313 att
1548 3265 1571 3313 et
1582 3272 1649 3329 seqq.

308 3390 1935 3470 &fimas

488 3596 706 3708 QUINTI
732 3588 977 3686 'SEPTIMI
1015 3602 1343 3692 FLORENTIS
1377 3606 1777 3692 TERTULLIANI

537 3783 677 3938 DE
717 3797 1341 3958 TESTIMONIO
1379 3802 1732 3949 ANIMAE
1783 3855 1791 3869 ·

562 4025 805 4138 LIBER
839 4029 1261 4141 ADVERSUS
1301 4029 1693 4142 GENTEsut

972 4243 1283 4357 <armam

301 4399 494 4444 enumeranti.
505 4417 539 4431 —
552 4387 615 4446 Post
633 4391 786 4447 uberrinrmn
799 4392 962 4465 Scriptorum
972 4404 1101 4467 repetem,
1192 4407 1262 4447 uerte
1274 4407 1306 4448 eu
1318 4392 1464 4449 earuutdem
1473 4390 1566 4448 ommis
1575 4389 1723 4461 opinionem
1734 4390 1858 4458 modoet,
1868 4397 1956 4445 eirena

249 4540 261 4561 a
336 4478 380 4544 qni
392 4477 521 4549 religionis
533 4480 685 4538 Christiano
698 4500 815 4540 ccursant
829 4493 942 4558 egerunt,
956 4488 984 4541 in
993 4487 1136 4548 nreuan
1184 4484 1356 4544 Christianam
1368 4486 1396 4541 itt
1407 4495 1462 4542 tuto
1474 4485 1620 4541 collocaret.
1636 4482 1754 4555 Huiusce
1767 4483 1848 4554 operit
1871 4482 1951 4537 ueluti

338 4568 502 4627 descenderat
522 4572 711 4643 Tertullianus,
733 4584 760 4630 ut
774 4585 842 4647 putet
855 4594 888 4633 ea
900 4578 1064 4653 apologetico
1076 4590 1102 4636 et
1192 4580 1359 4651 fundamento
1367 4581 1467 4652 jecerat
1485 4577 1664 4651 Apologctici,
1679 4594 1739 4648 cup.
1755 4580 1800 4644 17,
1814 4592 1900 4632 rante
1913 4576 1957 4634 bio

338 4661 409 4717 libris
420 4663 520 4721 duubm
530 4674 619 4721 contra
629 4666 766 4735 Nationes·
778 4685 835 4725 cunr
847 4678 930 4727 tnrrtrrr
940 4688 1056 4740 murrum
1070 4675 1104 4729 ii·
1193 4686 1224 4726 eu
1245 4669 1324 4726 letius
1342 4671 1515 4744 prosequitur,
1528 4685 1586 4743 qnoe
1597 4669 1678 4726 obiter
1692 4677 1791 4724 tanturn
1806 4668 1958 4739 pertimere·

303 4782 306 4789 »
338 4753 391 4810 mm
403 4755 469 4812 ninii
475 4758 575 4829 inuisae
584 4760 790 4830 siderandum
801 4764 834 4820 de
846 4765 1001 4823 Testinronr'o
1009 4770 1104 4827 urdnroe
1191 4770 1232 4817 rut
1244 4777 1255 4817 .·
1268 4760 1402 4834 Deumque
1412 4762 1553 4835 praesuunt
1562 4777 1642 4818 unum
1655 4759 1708 4831 bic,
1721 4769 1746 4815 ct
1758 4760 1852 4816 unium
1859 4767 1955 4815 notam

339 4847 453 4904 libellum
467 4866 572 4908 exorem
586 4865 633 4918 est,
648 4863 676 4909 nt
693 4871 757 4912 nouo
777 4859 912 4930 pugnandi
930 4876 1021 4930 ponere
1038 4863 1104 4919 citri·
1190 4855 1544 4924 1011110116111181101111111·
1705 4852 1708 4859 ’

339 4943 418 4999 atiani
434 4944 544 5002 nominis
564 4946 647 5004 irrites
666 4948 823 5020 annuatur,
841 4963 1037 5028 conceptusque
1050 4974 1104 5026 pm.
1191 4945 1255 5004 Cra.
1274 4946 1298 5004 Ι.
1314 4946 1409 5020 Magna
1422 4947 1578 5005 curiositate
1593 4944 1631 5021 (i)
1646 4954 1675 5005 et
1687 4946 1791 5020 maiore
1803 4946 1883 5019 longe
1896 4959 1957 5004 me·

989 5062 1271 5140 conusnrannis.

304 5182 310 5189 '
348 5182 387 5256 (a)
398 5180 538 5237 Tractatus
551 5178 586 5237 de
597 5179 763 5237 Testimnuio
783 5183 955 5266 attimacum
976 5190 1104 5266 Apolopc-
1154 5197 1211 5255 Deo
1225 5198 1348 5270 placitum
1360 5200 1417 5265 nit,
1429 5200 1503 5257 Adsit
1516 5200 1580 5257 nribi
1595 5200 1665 5258 Deus
1676 5242 1685 5268 ,
1698 5208 1763 5269 ete,
1777 5215 1839 5273 quac
1852 5213 1955 5271 suppo·

303 5254 360 5309 tica
375 5262 402 5310 et
415 5252 620 5334 tinrtsntumus
641 5263 726 5324 pernes
747 5266 904 5326 corquuctus
926 5268 978 5318 est.
1001 5262 1029 5319 lu
1052 5265 1104 5322 boc
1156 5272 1353 5328 nuntanimam
1378 5272 1424 5329 Dei
1446 5272 1540 5329 notitia
1554 5273 1682 5329 irubntam
1697 5286 1779 5337 esse,
1802 5281 1831 5327 nt
1855 5273 1952 5329 mortis

306 5325 381 5381 euim
409 5323 545 5394 rcligronis
566 5334 751 5407 argunnenturn
764 5365 772 5392 ,
787 5327 858 5396 quod
879 5328 906 5384 in
920 5330 1104 5405 apologetico,
1156 5341 1238 5398 timor
1250 5352 1344 5398 natura
1359 5344 1471 5412 insitus,
1485 5359 1582 5401 nomen
1602 5343 1796 5401 immortalitati
1819 5357 1960 5402 commen:

307 5411 367 5466 cap.
396 5395 430 5449 li
451 5395 615 5466 protulerat,
644 5410 761 5452 animum
803 5398 907 5456 scilicet
944 5408 1102 5466 naturaiiter·
1155 5411 1236 5468 dandi
1250 5411 1434 5481 desiderium,
1450 5413 1635 5471 misericordia
1655 5416 1682 5471 in
1704 5414 1866 5476 defunctos,
1891 5427 1959 5484 sup

306 5481 470 5538 agnoscere,
488 5475 515 5521 et
528 5467 604 5538 quasi
625 5467 749 5536 inritam,
771 5484 853 5525 uuum
874 5471 1004 5531 duntaxat
1023 5476 1103 5536 deum
1155 5494 1261 5555 ponunt
1273 5485 1354 5541 aliam
1368 5486 1402 5543 ab
1416 5487 1466 5542 ista
1482 5487 1562 5543 vitam
1577 5501 1648 5543 esse.
1663 5484 1730 5543 Cum
1742 5494 1831 5542 autem
1853 5483 1880 5540 iri
1892 5499 1958 5540 seu-

304 5552 386 5603 csse,
401 5546 428 5594 et
440 5536 552 5593 aiteram
573 5539 655 5593 ritum
679 5539 729 5596 ista
745 5540 898 5612 praeterita,
924 5548 1044 5605 ermudit
1058 5550 1101 5605 la·
1156 5570 1204 5612 sus
1215 5555 1323 5621 animae,
1337 5564 1365 5611 et
1378 5556 1490 5628 singulis
1503 5556 1656 5614 bominibus
1670 5566 1764 5613 natura
1779 5555 1834 5613 sint
1855 5555 1931 5612 insiti
1947 5596 1957 5617 ,

301 5609 410 5678 tinsque
424 5609 602 5678 prosequitur.
620 5608 676 5665 tior
688 5620 777 5667 atrtcm
791 5627 825 5668 ex
840 5627 920 5672 sensu
943 5626 1036 5673 natura
1051 5619 1102 5691 ipsi
1155 5642 1169 5680 n
1185 5626 1240 5683 [ico
1259 5641 1306 5683 eos
1329 5643 1439 5684 rurauare
1454 5643 1566 5685 necesse
1578 5637 1629 5685 est.
1649 5629 1687 5684 En
1702 5627 1773 5700 quod
1788 5628 1813 5682 in
1831 5641 1865 5683 eo
1878 5627 1959 5683 brevi

301 5678 383 5735 insito
405 5678 590 5746 demonstrat,
614 5688 642 5736 et
666 5680 701 5734 ita
725 5682 831 5753 penitus
849 5684 877 5741 ei
897 5688 1046 5760 insculpto,
1072 5699 1102 5747 nt
1153 5697 1961 5771 tractatulepidendnrodumTertulliauusampliilcntdmutr.

302 5750 375 5804 nulia
390 5765 418 5805 re
432 5748 516 5830 deleri
533 5758 630 5830 queat;
645 5750 713 5807 aden
734 5763 763 5807 ut
776 5754 825 5823 ipsi
850 5755 1010 5826 imprudenti
1024 5761 1100 5818 exci-
1189 5767 1229 5843 (b)
1244 5768 1341 5840 linquo
1354 5770 1509 5828 curiositate.
1528 5770 1585 5827 Ver
1599 5774 1695 5829 usitata
1719 5772 1745 5826 in
1758 5785 1815 5827 aero
1837 5770 1931 5825 medin
1948 5784 1958 5825 s

301 5817 370 5873 (¹²⁸²
386 5827 416 5875 ¹¹¹
427 5835 488 5875 ⁰⁰¹⁰
499 5823 819 5895 ¹¹¹0⁰l¹¹³¹¹ieii³⁰¹²¹¹¹fr
834 5824 906 5883 ⁰⁶⁸⁸
931 5829 999 5899 uelit,
1023 5831 1100 5899 Quod
1150 5836 1282 5914 Vopiscus
1296 5841 1323 5899 in
1337 5840 1494 5901 Aureliano.
1513 5841 1619 5900 Frivola
1631 5848 1686 5901 trac
1696 5842 1814 5914 [ornent
1824 5841 1956 5914 cuipiam,
