4242 6259
135 331 184 393 bil

710 328 935 397 bimenstres
952 335 985 400 b.
1004 333 1049 401 LE
1067 335 1222 404 NOURRY.

1739 349 1793 414 ddi

136 466 217 525 quam
242 449 347 511 traditis
368 447 488 525 ipsorum
515 451 624 525 placitis
650 454 851 526 explodendam
877 458 1117 522 umbrosorum
1131 462 1246 519 omnibus
1259 461 1291 517 ni
1305 461 1378 518 initio
1391 461 1532 536 deponetis,
1548 471 1570 521 st
1584 466 1750 538 resarciatis,
1766 480 1792 526 ct

137 547 244 602 censuit
258 565 264 602 t
280 548 326 604 Sis
336 547 401 603 enim
414 555 438 602 ct
452 557 549 618 poete,
564 548 612 615 ait,
628 555 651 604 et
668 548 814 620 philosophi
828 550 941 606 tribuunt

137 638 208 707 opud
222 638 317 710 interos
331 646 434 709 ponrrnt
443 636 547 712 (ldie).
562 638 638 708 Quod
651 648 743 697 sutem
757 641 793 696 sit
810 640 875 696 iliud
892 641 940 696 tri·

138 728 237 799 buoni,
258 731 350 792 bisce.
366 731 465 802 quibus
478 732 592 803 gentilos
604 732 769 804 alloquitur,
785 733 876 789 verbis
890 732 940 789 de·

139 821 287 878 clararerat
306 820 447 892 edideris,
466 824 567 878 ridsoru
589 823 691 892 stilti,
715 823 873 888 demones,
894 839 939 879 oo·

139 912 243 968 discum.
257 954 264 968 .
278 953 285 968 .
299 912 412 969 .Dicont
427 914 475 970 loos
487 931 534 987 pro
548 916 688 980 tribunali,
713 917 736 970 st'
756 919 820 987 [orm
834 915 941 972 dlinoert

140 1011 163 1059 rt
188 1002 401 1061 lllrudmnonturn
431 1005 571 1061 usandum
595 1023 745 1063 consensum
771 1004 890 1062 Plutonis
916 1015 942 1063 ct

140 1104 271 1168 poctarum
300 1113 354 1154 esse
386 1098 491 1153 sortitos
510 1096 602 1170 (ibid.
629 1115 688 1169 cop.
716 1097 764 1166 23,
794 1099 844 1154 coi.
867 1097 939 1172 25).

141 1188 210 1257 Quin
226 1203 291 1246 reru
304 1190 477 1247 rrotusinrum
491 1191 616 1248 omnibus
630 1200 690 1249 orat
702 1191 801 1248 llinois
819 1202 847 1250 et
866 1191 941 1248 liba·

140 1281 259 1337 damuuti
287 1281 425 1350 tribunal,
452 1291 535 1341 testes
559 1284 710 1356 generatim
732 1285 797 1341 uitat
827 1294 940 1358 poetas,

140 1387 253 1444 quorum
273 1372 381 1445 plurimi
401 1383 429 1432 et
450 1376 531 1446 gruel
549 1384 577 1432 et
597 1377 671 1432 latini
687 1376 754 1432 illud
770 1377 939 1434 cecinerunt.

140 1460 183 1518 Es
204 1462 373 1535 pbilosophis
386 1480 451 1521 veru
471 1467 629 1522 nominatim
647 1468 765 1539 appellnt
782 1467 942 1528 Platonem:

991 557 1120 612 recensitis
1134 557 1169 611 od
1181 557 1312 628 utriusqus
1325 556 1423 622 meriti,
1439 559 1497 613 sire
1512 557 1573 614 boni
1587 560 1645 615 sire
1660 561 1721 615 mali
1734 560 1790 617 dis·

992 649 1164 718 punctionem.
1175 647 1251 706 Nuria
1265 648 1331 706 dicit
1342 649 1375 705 ad
1389 649 1613 720 dispunctionem,
1626 650 1791 710 hauddubie

991 740 1087 796 eodem
1102 756 1203 809 seusu,
1218 757 1272 812 quo
1290 751 1370 798 antea
1384 741 1419 797 ab
1438 757 1472 799 eu
1486 743 1590 824 dictum⁸
1609 742 1724 799 uidimus
1735 784 1744 812 ,
1757 744 1793 799 ud

992 835 1197 905 usurpandum.
1210 834 1277 890 Nam
1295 837 1330 891 ab
1350 837 1409 907 ipso
1423 836 1487 892 alibi
1508 837 1637 908 scripturn
1653 837 1792 895 uidimus:

992 925 1051 982 Nos
1064 928 1108 999 qui
1122 926 1167 981 sub
1184 925 1237 983 lieo
1251 928 1364 982 omnium
1379 929 1539 1000 speculatore
1551 929 1750 1001 dispunqimur,
1766 929 1794 987 id

991 1026 1043 1084 est,
1058 1017 1254 1087 examinamur,
1269 1028 1297 1074 et
1308 1018 1461 1090 judicamur
1474 1035 1490 1074 a
1506 1020 1572 1089 beo,
1587 1021 1631 1090 qui
1648 1020 1736 1076 omnia
1747 1036 1794 1077 eu·

991 1109 1115 1181 gnuscit,
1143 1118 1266 1165 uterorum
1286 1111 1319 1192 ub
1342 1127 1372 1167 eo
1391 1127 1492 1182 penum
1516 1113 1675 1183 procidentem
1696 1112 1793 1182 litto,

991 1219 1050 1275 cop.
1065 1204 1109 1269 ts,
1125 1203 1175 1258 coi.
1190 1203 1247 1276 db),
1262 1219 1311 1260 scu
1336 1219 1539 1275 praecavemus,
1553 1215 1598 1260 aut
1613 1204 1796 1278 presidemus

993 1294 1071 1362 lure,
1098 1305 1127 1352 ut
1149 1298 1234 1353 stralus
1258 1307 1357 1353 aeterua
1379 1314 1457 1370 poena
1480 1297 1591 1353 alliciat.
1611 1293 1794 1366 Quarimbrem

992 1388 1146 1445 innocentia
1167 1402 1193 1446 et
1217 1405 1322 1447 morum
1344 1392 1497 1463 integritate
1512 1392 1536 1447 ei
1562 1392 1733 1460 occurrimus,
1760 1406 1795 1449 ne

992 1491 1108 1537 {eternas
1134 1483 1301 1554 perferamus
1328 1483 1471 1555 impiorum
1500 1498 1614 1557 poerrns,
1641 1495 1795 1556 aeternaque

140 1555 203 1626 (listi
217 1557 323 1612 millum
337 1559 456 1613 0¹¹¹¹ll¹¹ffl
472 1557 551 1615 sicile
564 1560 693 1630 l³¹l¹¹⁶⁰ll⁸
705 1559 840 1617 fifldlsslldl·
854 1560 942 1620 Simili
992 1575 1132 1645 supplicia.
1150 1576 1176 1630 ln
1192 1577 1287 1632 ultimo
1301 1577 1391 1649 itaque
1410 1575 1509 1632 Christi
1527 1577 1629 1648 judicio
1649 1575 1795 1648 unusquis·

141 1647 224 1702 etiam
239 1648 320 1704 niodo
333 1648 456 1706 lustinus
469 1659 573 1723 martyr
587 1651 718 1708 adsersus
733 1652 943 1709 ensdemetlrni·
992 1684 1045 1739 qne
1064 1684 1174 1726 suorum
1197 1670 1329 1726 bonorum
1353 1671 1396 1728 rel
1421 1671 1551 1726 urniorum
1573 1672 1732 1748 meritorum
1753 1688 1796 1727 ra·

140 1752 188 1796 ωδ
209 1748 412 1810 ³¹8¹¹¹¹¹⁰¹¹¹³¹⁰⁵
429 1741 520 1799 sumi
534 1761 541 1799 ἕ
557 1749 656 1801 ntem
672 1748 698 1800 ὅθ
718 1739 879 1814 mim*
898 1750 943 1801 “l
992 1763 1081 1819 tiones
1095 1762 1206 1828 reddet,
1222 1771 1251 1820 et
1263 1764 1296 1818 iis
1312 1774 1367 1818 tum
1381 1764 1558 1832 examinatis,
1577 1763 1723 1835 ultimaque
1741 1762 1797 1820 late

141 1836 210 1885 seton
222 1837 333 1887 satem
347 1842 401 1896 noir
414 1837 508 1896 eddon
519 1835 578 1907 «η’
596 1839 685 1898 einos
705 1839 820 1898 trutino·
838 1842 907 1906 luds
918 1842 946 1894 ἃ
957 1854 983 1917 Β
995 1858 1147 1923 scrutentia,
1172 1857 1286 1929 improbi
1302 1858 1447 1929 punientur
1462 1858 1522 1928 igne
1535 1868 1637 1913 uterus
1648 1898 1656 1921 ‚
1669 1857 1735 1928 justi
1749 1873 1797 1912 au·

122 1930 170 1976 ‘nd
182 1926 241 1978 eriri
253 1930 353 1996 πρᾶγμά
376 1948 452 1995 popm
469 1934 619 1997 wicredae,
635 1928 687 1986 itt*
702 1933 749 1984 isi
768 1937 812 1985 roi
825 1937 943 2004 Χριστοῦ,

142 2025 183 2069 ael
200 2020 252 2077 soie
270 2019 353 2077 sisois
371 2026 466 2086 obponi
484 2026 548 2089 possit
562 2031 641 2090 ψυχῶν
662 2030 798 2094 qsmpoirus,
816 2026 859 2078 sni
882 2027 944 2077 oio·

142 2117 193 2163 ster
208 2111 305 2163 nitesco
323 2117 538 2179 κοὶισθηοομίνων.
562 2111 638 2167 Plato
658 2130 716 2169 roro
736 2111 946 2172 Rhodomoutunt

143 2211 167 2255 st
192 2200 296 2257 hircosa
314 2202 404 2258 itidem
428 2205 537 2276 injustos
557 2205 591 2259 od
612 2220 639 2259 se
661 2207 787 2263 osnicntes
808 2207 945 2278 plenorum

144 2309 199 2348 esse
211 2293 305 2350 docuit.
321 2293 378 2350 Nos
392 2306 479 2351 notens
493 2298 619 2370 idipsum
633 2299 710 2353 edom
725 2301 823 2370 foetum
835 2301 868 2355 iri
881 2301 947 2357 dist·

145 2401 217 2453 ums,
231 2386 276 2441 scd
289 2404 305 2442 u
318 2387 430 2455 Christo,
451 2391 599 2461 corporibus
621 2391 716 2446 eisdem
736 2408 794 2447 suns
813 2395 946 2449 onimobrrs

144 2479 198 2532 ruis
210 2479 336 2546 uniendis,
350 2483 537 2553 atquroeternis
546 2482 700 2538 cruciodbss
714 2483 860 2554 torquendis
873 2483 946 2559 (dur¹

146 2570 206 2638 tim,
221 2572 331 2644 Apotoq.
346 2572 369 2629 l.
386 2573 421 2628 od
440 2575 577 2648 duronius,
594 2592 654 2648 pop.
675 2575 742 2648 dl).
757 2574 861 2632 Eodem
880 2591 946 2649 quo·

146 2675 198 2736 que
209 2666 291 2722 niodo
303 2666 488 2739 Athenagoras
501 2675 594 2723 contra
609 2667 732 2725 etlsnioos
748 2678 840 2740 postea
854 2669 946 2741 dispu-

146 2749 218 2812 tarit.
244 2758 346 2815 citatos
371 2774 451 2830 porro
470 2760 506 2816 ab
528 2760 573 2815 illo
594 2760 715 2817 Platonis
734 2760 807 2824 locos
825 2763 852 2818 in
874 2763 947 2821 illius

146 2846 242 2919 Gorgia
265 2859 294 2906 et
315 2849 438 2908 Axiochu
458 2849 580 2907 iuvenies
600 2851 775 2923 (Athenoqor.
797 2853 875 2925 teget.
898 2869 947 2924 pro

147 2941 277 3000 christion.
293 2961 353 3017 pop.
369 2944 420 3012 ἰὴ
442 2932 610 3018 Ρὶαι.’(ιότ9.
633 2956 697 3004 tons.
716 2946 745 3018 l,
768 2966 830 3022 paq.
846 2950 909 3019 lid,
923 2961 947 3007 et

145 3034 221 3091 Aulo.
233 3048 294 3093 tons.
309 3036 353 3105 lli,
370 3054 432 3111 pag.
447 3039 522 3112 dil).

182 3123 281 3200 Siquis
296 3145 359 3187 reru
374 3130 491 3202 aliquem
509 3130 605 3188 saltem
628 3146 662 3190 ox
685 3133 774 3190 elutis
795 3133 947 3192 ablertul·

997 1957 1050 2005 tem
1070 1950 1243 2020 scorpiternae
1263 1953 1374 2020 praenrio
1392 1945 1528 2006 felicitatis
1541 1949 1722 2006 donabuntur.
1743 1949 1797 2007 Sed

996 2040 1030 2097 de
1046 2041 1096 2097 boc
1110 2051 1215 2098 <eterno
1228 2051 1256 2096 et
1272 2042 1333 2112 igne
1346 2049 1374 2098 et
1387 2042 1498 2113 pruinis
1516 2042 1579 2114 quid
1591 2042 1687 2100 doceat
1704 2051 1798 2101 auctor

996 2144 1106 2203 noster,
1118 2135 1173 2206 jam
1186 2131 1381 2207 explorandum
1394 2150 1409 2189 a
1422 2134 1500 2192 nobis
1511 2144 1562 2191 est.

1295 2262 1443 2306 dll‘llcllwss
1453 2263 1492 2305 Π.

998 2357 1039 2416 Dr
1051 2369 1146 2416 eterno
1158 2362 1233 2433 ique,
1247 2378 1297 2433 quo
1314 2362 1423 2432 inrproii
1435 2370 1459 2417 ct
1477 2361 1553 2434 impii
1566 2362 1680 2419 hominm
1697 2365 1798 2421 crucio·

1033 2456 1151 2523 duntsr,·
1170 2472 1221 2526 quo
1238 2457 1338 2510 ratione
1361 2455 1538 2512 Tertullianus
1557 2457 1613 2528 ep'rrs
1633 2459 1798 2515 utmritotcur

1036 2558 1134 2603 ossuot
1148 2590 1155 2612 ,
1171 2557 1247 2620 utque
1259 2549 1392 2618 confimat
1415 2552 1549 2620 iuncorum
1563 2550 1710 2619 duriorum,
1726 2568 1800 2607 mort·

1032 2639 1098 2692 tium
1118 2655 1218 2710 umpsr
1239 2641 1404 2706 ardentium,
1428 2641 1538 2695 ltondnis
1561 2641 1669 2712 [alodus
1688 2643 1800 2713 perrruss'

1033 2731 1209 2801 artopticio
1222 2743 1267 2785 carr
1279 2732 1346 2803 iguis
1355 2732 1399 2786 ills
1411 2740 1522 2788 ermom
1533 2732 1645 2787 dicotur.

1033 2864 1110 2934 Quod
1131 2881 1163 2922 er
1189 2868 1274 2923 sacris
1296 2865 1443 2939 Scriptnris
1464 2865 1619 2924 didicerunt
1639 2869 1799 2939 christiani,¹

997 2957 1049 3014 boc
1064 2959 1150 3030 palam
1164 2958 1348 3030 praedicabant
1361 2959 1457 3031 impios
1468 2959 1658 3032 improbusque
1671 2945 1805 3021 hominos

997 3061 1099 3106 eterno
1114 3061 1298 3122 postmortem
1314 3066 1388 3106 suam
1403 3052 1464 3123 igne
1478 3052 1638 3110 cruciandos
1652 3070 1659 3108 ε
1675 3054 1729 3111 Sed
1751 3072 1798 3128 qe·

998 3143 1108 3199 hennum
1121 3185 1129 3213 ‚
1144 3145 1182 3198 ait
1205 3140 1408 3212 Tertullianus,
1425 3145 1446 3199 si
1465 3145 1666 3214 cortamineruur,
1687 3164 1745 3219 quor
1763 3157 1801 3205 est

146 3219 218 3277 liano
234 3223 319 3292 prioris
334 3223 448 3294 prolerri
463 3224 610 3293 desilierat,
625 3223 694 3281 dnos
705 3241 854 3298 gracorum
866 3238 894 3284 et
906 3229 981 3308 Μ
996 3233 1065 3307 iqnis
1078 3235 1166 3290 eterni
1178 3234 1384 3290 ruituroncood
1403 3252 1504 3307 porum
1526 3236 1670 3304 stemnius,
1693 3238 1801 3308 proinde

146 3315 264 3372 unorum
290 3319 448 3390 corppueos
478 3320 627 3377 Homerum
653 3333 682 3379 et
707 3322 846 3394 Virgilium
877 3325 946 3383 uita·
1000 3328 1216 3383 decachinnamur
1243 3326 1407 3398 (Turullius.
1431 3318 1565 3400 Apolopct.
1590 3345 1650 3399 cop.
1674 3330 1720 3394 47,
1747 3332 1798 3386 col.

146 3409 249 3466 bimus.
263 3403 294 3465 ln
305 3409 423 3482 Odyssea
436 3412 508 3469 enim
522 3414 568 3470 ille
580 3415 638 3470 hec
651 3414 686 3471 de
701 3415 784 3473 erebo
795 3418 894 3476 cecinit
908 3436 915 3475 τ
998 3419 1058 3491 di).
1074 3419 1106 3475 Et
1120 3420 1155 3475 ita
1168 3418 1277 3491 quidem
1293 3419 1320 3474 in
1332 3419 1469 3476 codicibus
1485 3420 1597 3490 nostris,
1607 3431 1634 3477 et
1649 3420 1800 3493 lligaltiaut

274 3521 692 3590 gpq„,1„„,p„‚g,q4,q,p„p,‚
999 3513 1113 3584 aliisque
1132 3512 1327 3584 posterioribus
1346 3512 1529 3581 editionibus;
1554 3514 1581 3569 in
1602 3514 1800 3586 antiquioribus

272 3622 454 3676 xps-„saw
465 3623 539 3677 qm,
549 3626 781 3677 mmmmm„
1000 3620 1065 3661 reru
1079 3605 1256 3661 subterraneus
1266 3647 1273 3672 ,
1284 3606 1360 3677 quasi
1376 3604 1401 3660 id
1417 3604 1510 3661 relcrri
1534 3605 1631 3662 debeat
1645 3607 1678 3662 ad
1702 3601 1806 3664 nomen

273 3692 355 3754 duom·
367 3704 386 3745 st
396 3701 419 3745 st
429 3703 576 3760 peruium
587 3704 744 3762 sumtuum,
1001 3701 1145 3757 thesaurus.
1161 3699 1195 3755 dt
1210 3699 1303 3756 relerri
1316 3699 1396 3755 etiam
1412 3699 1544 3771 potestati
1559 3714 1657 3756 numen
1671 3700 1799 3773 qelicnnu,

273 3775 343 3839 inec
353 3789 470 3840 ‘omno
480 3794 521 3831 ω’
533 3792 627 3846 duale
638 3780 737 3842 luere
1000 3793 1048 3851 sed
1064 3777 1159 3852 eodem
1175 3806 1281 3862 sempor
1296 3806 1387 3848 sensu.
1402 3792 1483 3847 bocer
1494 3791 1584 3863 itaquo
1595 3793 1695 3849 ductor
1709 3803 1801 3851 noster

436 3865 546 3930 lflmf·
560 3866 649 3931 ΜΨ·
662 3885 687 3929 b
698 3864 766 3918 ἀΐω
774 3863 832 3931 fin.)
1000 3885 1150 3958 gehennam
1165 3897 1226 3940 esse
1239 3882 1394 3938 thesaurum
1410 3883 1478 3952 ignis
1489 3884 1583 3939 aeterni
1597 3883 1799 3952 inexhaustum,

211 3968 249 4020 lbi
259 3968 359 4023 Ηίῠθθῦ
370 3970 419 4022 ridi
430 3970 497 4023 ³⁰v⁵⁸
512 3969 666 4035 Silessdldfflss
677 3970 763 4032 bitum,
1001 3994 1055 4051 quo
1069 3977 1175 4034 scelesti
1191 3976 1314 4033 honines
1329 3974 1473 4047 posthanc
1492 3977 1573 4032 uitam
1595 3978 1800 4047 torquebuntur.

212 4031 950 4158 ἓξῇξᾘῶοξξῖξξὶ,ξξεὲῗ,’ζιξῗί’,ξῶθζ,ᾟ,ξῃὲῗ,ᾞ,ᾞῖᾞξ’
1002 4069 1101 4126 Vernm
1125 4068 1226 4125 ethnici
1252 4068 1304 4124 lmc
1324 4067 1514 4124 documentum
1539 4085 1593 4125 non
1617 4084 1695 4126 secus
1720 4079 1802 4142 atque

213 4213 339 4272 sedentes
361 4217 709 4284 mmnperlwmpmonis
719 4173 845 4272 domffiffls
947 4170 952 4181 '
1002 4163 1100 4220 anilem
1119 4160 1236 4217 tabulam
1249 4159 1387 4216 cachinnis
1401 4160 1509 4232 risuque
1520 4160 1649 4217 solutiore
1671 4162 1803 4235 explode-

339 4258 347 4283 '
820 4257 827 4270 ‘
1003 4256 1077 4311 barrt.

1038 4344 1109 4401 Vera
1138 4353 1227 4399 tamen
1251 4351 1309 4400 crat
1334 4342 1393 4398 lraec
1415 4341 1623 4401 christianorum
1643 4350 1801 4404 sententiat

1003 4447 1049 4492 aut
1062 4437 1169 4508 ipsimet
1182 4435 1296 4507 gentiles
1308 4435 1408 4506 pariter
1429 4433 1587 4502 deridendi,
1602 4439 1726 4509 aquibus
1742 4435 1800 4534 Pq·

1003 4528 1192 4599 riphlcqrtlmu,
1207 4535 1234 4581 ut
1249 4527 1286 4581 uit
1300 4527 1403 4582 trecor
1414 4537 1505 4582 noster
1522 4526 1629 4600 (idid),
1645 4528 1716 4599 opud
1731 4543 1803 4582 mor·

965 4627 1062 4694 Dtuos
1082 4620 1165 4674 omnis
1185 4617 1390 4690 praedicabatur.
1408 4619 1496 4690 Atque
1518 4618 1553 4673 ita
1568 4619 1631 4685 illo,
1655 4634 1686 4675 ae
1710 4628 1804 4690 postea

1008 4711 1152 4779 Arrrobius,
1161 4711 1311 4782 conjectum
1320 4709 1354 4764 ab
1367 4709 1419 4765 illis
1437 4709 1518 4764 telum
1530 4711 1666 4781 retorquet
1680 4710 1803 4783 (druch,

1004 4803 1048 4861 trs.
1066 4801 1218 4859 llboduers.
1233 4811 1300 4876 gent.
1322 4815 1382 4874 poc.
1404 4800 1459 4873 52).
1476 4801 1560 4872 liujus
1572 4809 1660 4859 autom
1672 4803 1730 4859 huc
1742 4813 1805 4861 sunt

1006 4900 1087 4956 rerba
1103 4916 1110 4953 ε
1126 4898 1230 4953 cludetis
1244 4897 1328 4953 ridere
1337 4914 1400 4963 cros,
1418 4913 1476 4951 cunr
1488 4897 1615 4969 qelrcrums
1629 4897 1759 4966 dicimur,
1779 4907 1806 4955 et

1006 4990 1224 5065 inexstinguibiles
1237 4990 1361 5061 quosdam
1374 4990 1445 5063 iquos
1458 5032 1467 5059 ,
1481 4989 1583 5061 inques
1604 4990 1703 5046 oninmr
1729 4990 1805 5063 dejici

214 5076 350 5131 bistulitin
360 5093 443 5133 seram
453 5095 582 5134 conrnnma
593 5081 688 5146 piacula
699 5090 814 5133 mortem.
1007 5084 1039 5140 ub
1052 5101 1141 5140 corum
1153 5083 1266 5138 hostibus
1279 5082 1437 5154 inimicisque
1445 5082 1631 5154 coercuimus?
1646 5081 1716 5150 erid
1727 5081 1805 5138 Pluto

574 5163 664 5227 (Μ,
675 5179 700 5216 V·
711 5165 793 5222 561st
802 5166 881 5231 “sul
1009 5173 1036 5230 in
1051 5192 1080 5229 eo
1096 5173 1241 5240 uolruuiue,
1255 5173 1324 5247 quod
1339 5175 1371 5229 de
1384 5174 1679 5230 uninrteimurortolt'tule
1699 5190 1806 5248 rompo-

153 5264 190 5320 At
213 5266 237 5322 sl
259 5265 376 5335 ethnici,
401 5267 472 5324 sieut
494 5275 568 5324 reete
588 5267 676 5339 arguit
696 5267 898 5336 Tertullianus,
913 5269 955 5325 lrls
1006 5271 1074 5336 stdt,
1089 5285 1138 5323 nort
1154 5268 1335 5333 Aclrcrorrtcm,
1358 5285 1409 5323 uon
1423 5267 1547 5342 Stpqcm,
1565 5286 1615 5324 uon
1628 5269 1765 5342 Cocqumt,
1782 5277 1807 5326 et

154 5359 241 5427 poetis
255 5365 283 5414 ct
297 5357 466 5430 pbilosophis
483 5359 676 5426 crediderunt,
694 5361 781 5415 multo
794 5361 880 5432 magis
893 5373 953 5416 cre·
1006 5359 1276 5433 Ppru'phleqethonum
1292 5361 1426 5429 orornirmt,
1440 5360 1465 5415 in
1479 5360 1570 5431 quidus
1585 5373 1682 5416 usserat
1704 5363 1806 5418 norimus

152 5449 272 5506 dendnm
290 5453 375 5508 saeris
394 5452 495 5509 nostris
508 5452 701 5525 scriptoribus,
718 5452 763 5522 qui
784 5450 877 5507 diuino
898 5452 953 5523 spi·
1005 5451 1091 5519 uolui,
1105 5452 1185 5523 rrrrrqi
1193 5493 1201 5521 ,
1215 5451 1309 5506 esurii
1322 5445 1394 5508 iletre
1407 5460 1496 5507 antem
1507 5450 1541 5506 ab
1552 5450 1598 5507 ilio
1612 5452 1687 5508 Plato
1697 5454 1804 5522 citatur,

152 5541 333 5614 mammeti,
349 5551 508 5600 constanter
522 5543 667 5617 predicant
683 5544 770 5614 ipsum
785 5556 848 5599 esso
859 5542 952 5599 Chris·
1006 5545 1050 5617 qui
1076 5545 1102 5600 iu
1123 5543 1262 5602 Pbcedune
1285 5543 1427 5615 descripsit
1439 5544 1483 5599 illa
1510 5556 1572 5600 uota
1596 5544 1660 5600 satis
1673 5546 1799 5601 ominibus

153 4344 279 4418 Virgilius
290 4362 356 4404 uero
371 4367 378 4404 :

213 4455 268 4508 lieo
278 4469 339 4509 sero
348 4459 387 4508 bar
397 4461 451 4510 sine
462 4465 530 4511 sorte
540 4453 614 4520 duce,
626 4459 683 4510 sine
689 4457 772 4521 judice
781 4456 873 4509 sedes:

238 4522 338 4571 uaesitor
349 4520 427 4572 lliuus
441 4535 528 4573 urnam
542 4527 635 4584 moret,
647 4520 689 4572 ille
701 4520 818 4570 silentum

267 4581 399 4646 siduntque
410 4592 489 4646 rorat,
502 4586 622 4649 vitasque,
632 4590 659 4633 et
669 4583 770 4633 crinriua
780 4582 858 4633 discit.

194 4735 201 4742 ,
356 4665 457 4736 (Virgil.
468 4666 511 4721 lib.
524 4683 548 4720 rs
562 4666 659 4720 AEndd.
673 4682 697 4718 r.
710 4666 755 4718 tel
767 4673 790 4720 ct
797 4666 874 4733 seqq.)

151 4767 222 4828 'lum
237 4770 336 4830 deinde
350 4792 357 4830 ε

215 4890 333 4944 Gnosstus
341 4894 397 4945 baec
405 4892 586 4947 Rhadamautus
598 4895 674 4946 babet
684 4895 805 4948 dirissima
816 4905 904 4959 regna,

215 4952 371 5020 Castigatque
379 4957 496 5022 auditqde
508 4958 586 5018 dnlns,
598 4959 740 5021 subigitque
749 4958 822 5008 lateri

215 5017 341 5081 braquis
352 5020 415 5083 apud
427 5033 539 5096 superos,
550 5020 616 5070 lurto
625 5019 723 5071 letatus
733 5021 812 5081 inani,

153 5643 210 5690 tum
223 5675 232 5702 ,
245 5639 289 5707 qui
305 5636 430 5709 producto
443 5679 450 5705 ,
464 5652 512 5694 seu
526 5645 634 5708 peracto
646 5678 654 5704 ,
668 5645 696 5692 et
707 5644 886 5705 consumpto,
900 5649 953 5691 tero
1005 5648 1120 5708 quatuor
1134 5637 1194 5692 licta
1219 5635 1253 5692 ab
1276 5636 1389 5692 ethnicis
1417 5635 1563 5693 inferorum
1586 5635 1695 5693 llumina
1717 5635 1802 5709 (Plat.
1899 5691 1903 5704 ,

152 5725 221 5794 isto,
235 5727 397 5797 judicaturus
408 5738 447 5787 cst
459 5747 518 5786 suos
532 5730 641 5786 cultores
654 5728 682 5784 in
695 5731 753 5784 uite
766 5739 867 5784 teteruoe
877 5728 953 5784 rotri·
1007 5723 1135 5786 Pboedon.
1150 5738 1212 5785 tom.
1227 5727 1252 5798 l,
1269 5746 1330 5803 pop.
1352 5724 1415 5787 lli.
1431 5737 1454 5785 et
1470 5730 1559 5802 seqq.)
1574 5729 1799 5804 Pyriphlegethon

152 5809 293 5887 dudonem,
303 5815 451 5892 priplronoi
462 5820 489 5876 in
501 5821 585 5892 iquom
595 5829 665 5892 uque
677 5828 813 5893 perpetem,
824 5815 953 5892 etjugcm,
1007 5835 1072 5880 reru
1082 5837 1096 5877 a
1108 5813 1234 5894 Virgilio,
1249 5819 1362 5894 aliisque
1375 5821 1462 5895 poetis
1475 5818 1565 5881 latinis
1577 5813 1743 5896 Phlegethon
1755 5838 1807 5882 to·
