4242 6259
278 292 331 353 72⁷

819 288 855 347 tlt
872 286 1106 349 TERTUfflle
1123 285 1389 359 trutenhusen!

1770 299 1937 358 ’788

275 411 326 466 nisi
347 409 500 482 peanitentiae
517 404 604 475 notus,
615 423 667 463 nun
682 407 759 481 focile
781 422 885 478 possim
899 421 977 477 super
996 421 1028 460 eo
1050 420 1080 459 rc
1092 403 1120 467 Δ
1131 403 1271 464 daemones
1289 408 1432 477 potestatis
1447 410 1570 470 oculatus
1585 409 1662 470 testis
1681 410 1750 478 tntt,
1773 418 1822 471 ant
1833 413 1929 474 saltem

277 512 362 559 tacere
372 502 441 573 (Lib.
457 500 492 556 de
504 498 603 556 Poeuit.
615 513 675 569 cap.
687 499 743 557 tut.
758 500 794 553 At
807 497 875 555 nulli
887 498 982 570 procul
996 496 1079 553 dubio

276 594 375 648 mirum
385 590 529 656 videbitur,
545 590 569 645 si
581 589 705 645 ethnicos
718 588 818 657 humo,
831 588 879 658 qni
890 587 957 644 deos
976 586 1080 644 adulte·

274 699 338 752 ros,
353 680 519 738 etadulteris
534 680 639 752 pejores
657 680 804 747 adombat,
827 695 921 736 eorum
937 678 1078 751 exempla,

276 776 346 833 sicut
368 773 494 831 chamas
520 773 591 844 apud
616 773 772 830 Terentium
795 771 929 845 (h'unuclr.
955 782 1007 828 oet.
1033 773 1077 829 lll.

275 884 343 923 sceu.
359 867 386 923 5.
400 882 423 922 7.
438 866 493 938 77)
505 866 582 937 sequi
599 866 725 923 uoluerit.
740 864 794 923 Sed
815 874 923 937 quantae
947 865 1006 922 hec
1027 867 1080 922 eri-

275 958 350 1014 mina
364 956 530 1013 Tertulliano
551 957 615 1012 olim
639 957 749 1014 ethnico
769 957 922 1028 voluptati,
937 967 1011 1013 tauto
1028 956 1081 1030 ipsi

275 1051 450 1109 christianam
464 1061 556 1123 postea
571 1051 728 1123 religionem
750 1052 906 1122 profitenti,
923 1051 961 1107 uti
974 1066 1009 1108 ex
1021 1051 1080 1122 ejus

1130 498 1166 554 de
1179 498 1224 554 illa
1239 503 1276 556 ita
1288 516 1451 572 persuasus,
1466 513 1496 561 ut
1509 506 1635 563 ethnicos
1645 505 1679 563 ad
1697 507 1846 579 periculum
1859 508 1931 569 illius

1130 606 1224 649 coram
1236 594 1363 652 omnibus
1376 596 1527 656 laciendum
1542 610 1689 672 proruoet,
1708 615 1742 657 ae
1762 601 1930 663 niridano·

1132 701 1180 742 nes
1192 686 1290 744 abillis
1304 688 1438 760 adjurati,
1452 706 1482 749 sc
1495 691 1562 750 deos
1575 708 1629 749 non
1642 693 1866 765 metarentur,
1881 695 1931 754 ho-

1131 791 1224 835 rumce
1236 777 1445 838 christianorum
1459 784 1522 841 uelit
1536 781 1611 859 luridi
1621 784 1799 857 sauguineml
1813 786 1850 843 Αι
1866 788 1931 858 qaid

1130 869 1194 937 isto,
1219 870 1326 943 inquit,
1348 889 1425 944 opere
1447 876 1622 949 uronisestius,
1636 877 1699 948 quid
1719 878 1768 934 lue
1781 879 1931 951 prolatione

1131 958 1254 1033 fidelius?
1273 964 1432 1034 Simplicitas
1459 968 1572 1025 ueritatis
1589 973 1616 1024 in
1644 969 1727 1027 medio
1754 980 1790 1027 en
1814 969 1929 1045 (idem,

1131 1054 1272 1127 Apologet.
1296 1073 1360 1130 cap.
1378 1058 1447 1134 23).
1469 1059 1645 1133 Exploratum
1661 1062 1742 1137 igitur
1763 1063 1857 1123 babuit
1878 1065 1931 1124 hu·

275 1147 465 1216 libris,atque
478 1146 530 1202 hoc
543 1146 694 1218 prasertim
709 1144 903 1217 apologetico,
916 1153 999 1216 patet,
1012 1144 1080 1209 ,hor-

276 1238 333 1294 rori
348 1236 466 1294 luerunt.

1129 1146 1174 1218 jus
1193 1149 1306 1208 rationis
1319 1160 1348 1208 et
1367 1154 1542 1223 experientiae
1565 1154 1638 1222 uiro,
1652 1156 1696 1212 cui
1715 1156 1867 1228 anemius,
1878 1160 1930 1217 uisi

1131 1238 1207 1296 falsis
1219 1241 1381 1314 prejudiciis
1394 1245 1501 1317 penitus
1513 1245 1665 1316 obuncum,
1681 1249 1773 1307 resisti
1782 1264 1863 1322 posse
1884 1266 1931 1309 ar·

1131 1332 1289 1391 bitrahatur.

1166 1425 1223 1484 Nee
1234 1427 1323 1484 urinas
1335 1442 1474 1502 perspecta
1486 1431 1538 1504 ipsi
1548 1432 1598 1490 luit
1611 1433 1757 1507 Scripturas
1771 1449 1856 1494 samu
1866 1451 1931 1494 auc·

1131 1522 1243 1589 toritas,
1263 1537 1359 1594 quam,
1381 1522 1485 1596 iuquit,
1510 1525 1554 1595 qni
1573 1525 1683 1594 odient,
1698 1528 1808 1585 mueniet
1829 1528 1930 1596 lleunu

1131 1615 1175 1686 qui
1199 1617 1275 1671 etiorn
1296 1617 1422 1673 studuerit
1448 1619 1608 1693 intelligere,
1634 1631 1740 1694 coqetru
1765 1632 1790 1676 et
1815 1623 1930 1681 eredere.

1131 1705 1221 1778 (lbid.
1236 1721 1296 1780 cap.
1311 1708 1345 1766 ts
1355 1710 1375 1779 l.
1387 1709 1482 1767 Nonne
1494 1727 1559 1784 ergo
1576 1723 1606 1768 et
1624 1714 1670 1771 ille
1692 1715 1729 1770 ibi
1750 1715 1836 1773 licum
1855 1717 1931 1775 inre·

275 1806 285 1846 7
314 1805 418 1874 Quibus
441 1804 622 1865 Tertullianus
646 1804 796 1861 rationibus
819 1803 853 1860 ad
878 1802 980 1862 curisti
999 1804 1078 1863 iidem
1094 1802 1118 1865 B
1133 1798 1189 1864 1177.
1217 1807 1246 1856 07
1271 1801 1644 1875 777007070077777717777001
1671 1805 1758 1875 770077
1783 1823 1818 1864 00
1840 1825 1932 1867 701010

276 1897 483 1971 amplexandam
506 1899 636 1969 impulsus
659 1900 708 1968 sit,
731 1898 837 1970 siquis
859 1890 993 1968 postulat,
1016 1897 1040 1955 is
1063 1913 1079 1954 a
1131 1906 1192 1948 csse
1214 1891 1387 1949 christianam
1401 1895 1578 1968 religionem?
1593 1898 1773 1957 lantiseuim
1787 1900 1933 1960 luminibus

278 1991 395 2062 Georgia
408 1991 581 2047 Ambiancnsi
596 1992 728 2062 capucino
742 1990 833 2047 audiet
842 1998 897 2047 tres
907 1990 967 2047 illas
978 1990 1077 2049 luisse:
1131 1986 1190 2042 7100
1204 1986 1302 2043 0077707
1314 1985 1442 2059 70770707.
1454 1999 1483 2045 07
1494 1989 1529 2046 071
1543 1991 1669 2049 0111077100
1681 1993 1833 2052 11070071ῐί0
1845 1995 1932 2053 tibili-

277 2083 890 2153 christianoruminnocentiam,eseellentiam
898 2100 982 2143 sacrae
992 2084 1080 2156 Scrip·
1131 2078 1240 2134 ¹¹²li⁰¹¹0
1261 2094 1315 2134 11011
1334 2080 1487 2146 0710000710,
1502 2085 1595 2139 sittim
1607 2085 1800 2155 susciperetur.
1815 2086 1869 2145 Seli
1888 2106 1934 2147 ate

276 2187 364 2244 m,
379 2191 411 2233 ,ο
423 2176 520 2231 miram
538 2177 695 2233 eorumdem
708 2176 917 2237 cqusqgnomm
932 2181 960 2235 jn
974 2178 1078 2234 daemo.
1130 2167 1190 2226 dlas
1209 2171 1288 2227 velim
1301 2171 1375 2229 illum
1391 2171 1450 2229 7777
1463 2185 1653 2233 enarrantem:
1665 2177 1932 2255 Ternmcniuntiqso·

276 2283 326 2325 nes
341 2274 500 2341 potestatem
514 2266 817 2342 (conquisiuerunt.
831 2270 1076 2343 port.1t,qatsst.l.
1129 2263 1283 2330 7071770707»
1296 2265 1599 2338 77070777777771077117
1618 2280 1741 2339 7071777177
1760 2274 1932 2341 7007700077

276 2368 302 2416 et
314 2361 353 2432 2).
369 2360 470 2418 Verum
479 2360 538 2417 hec
549 2361 606 2431 ipsa
616 2403 624 2432 ,
636 2364 808 2435 quantumuis
822 2363 926 2431 ualida,
941 2364 1078 2420 rationum
1129 2369 1188 2409 71101
1197 2370 1285 2411 0011107
1293 2357 1338 2428 7707
1349 2367 1416 2414 77777
1430 2360 1556 2430 07777077
1569 2362 1631 2431 7777
1640 2363 1792 2435 7770777707
1805 2369 1881 2438 quale
1897 2370 1932 2425 117
1964 2398 1969 2415 ’

276 2465 413 2512 ,nomem
435 2455 480 2511 ipe
503 2454 619 2524 eadem,
647 2470 700 2527 qua
720 2453 905 2525 „gsqffigm’
928 2471 1012 2515 mauu
1031 2456 1080 2514 (ιθ.
1128 2446 1682 2525 quodotlerunt,simnlderinuntiqrrornrc,
1695 2459 1929 2517 mansetudine.

276 2546 369 2603 struit.
381 2544 449 2601 Nam
463 2545 1076 2620 continenteradiunxitethnicosludaeosque
1129 2537 1174 2593 777
1187 2538 1226 2595 7177
1246 2539 1311 2609 77117
1331 2542 1580 2615 cuncticreantem
1600 2546 1632 2603 77
1651 2558 1796 2619 7007717770,
1819 2560 1846 2606 07
1866 2552 1932 2607 ''nci-

581 1388 725 1429 narremus
744 1372 785 1428 rid

279 1532 377 1600 Quibus
398 1531 541 1589 rationibus
557 1531 729 1587 Tertullianus
743 1529 778 1585 777
792 1530 959 1586 citristiunom
973 1531 1080 1604 religio·

328 1643 330 1651 ·
359 1642 418 1682 nent
431 1626 574 1695 adductus,
589 1637 612 1681 et
626 1625 729 1696 quondo
741 1640 798 1680 ecrit
808 1626 940 1696 professus
950 1634 998 1680 cst.

277 2638 373 2711 quales
386 2637 478 2709 utique
496 2648 573 2694 erant
593 2637 741 2709 Ulpianus,
766 2648 795 2695 et
814 2638 976 2709 Suetonius,
997 2641 1088 2699 lose.
1129 2632 1203 2701 7177177
1223 2631 1307 2688 077777
1319 2635 1388 2704 77707
1409 2635 1528 2705 77777777
1549 2647 1574 2693 77
1595 2638 1797 2712 7177777777707
1820 2643 1929 2707 oderum

274 2731 349 2803 phus
359 2741 389 2787 et
402 2730 499 2800 Philo,
515 2730 637 2802 aliosque
649 2718 821 2808 doctissimos
835 2734 926 2800 uiros,
944 2733 1019 2790 bisce
1034 2750 1078 2791 ra-
1129 2724 1216 2795 (lbid.
1231 2740 1290 2796 0771·
1308 2727 1347 2799 l).
1369 2728 1404 2782 77
1416 2739 1491 2786 07770
1502 2730 1525 2784 77
1546 2739 1585 2785 707
1595 2732 1728 2803 gentiles,
1743 2732 1843 2792 70701170
1857 2736 1931 2806 77170·

235 2870 241 2895 ·
277 2823 396 2881 [ionibus
421 2839 474 2878 „011
506 2824 595 2879 „quus
622 2832 849 2896 2210n10‚quam
874 2824 1076 2897 Tertullianus,
1129 2828 1185 2874 rnet
1197 2817 1374 2888 Tertulliano,
1389 2821 1431 2876 liis
1441 2821 1577 2891 ornnihus,
1594 2832 1642 2880 aut
1656 2824 1769 2896 singulis
1781 2826 1932 2884 rationibus

277 2919 369 2973 animo
381 2916 558 2987 ponderatis,
573 2932 627 2974 non
648 2918 768 2989 potuisse
785 2918 821 2975 ad
840 2919 996 2977 christiane
1014 2922 1078 2978 reli·
1128 2911 1191 2967 70077
1213 2922 1277 2968 00117
1297 2912 1456 2981 0717777770ῑὶ
1478 2925 1580 2984 (7117070
1604 2918 1690 2988 107777
1718 2917 1783 2987 7777,
1797 2918 1841 2975 007
1863 2918 1932 2977 07θο

277 3007 365 3079 gionis
384 3006 578 3078 professionem
592 3008 698 3065 adduci·
717 3009 906 3079 Quamobrem,
920 3021 996 3084 putat
1009 3012 1077 3070 Ter·
1128 3015 1266 3077 comperta
1278 3005 1329 3062 luit
1340 3005 1443 3063 salsitas
1456 3007 1594 3079 religionis
1613 3010 1801 3078 ethnicorum,
1814 3020 1842 3068 et
1860 3013 1933 3069 cliri-

276 3105 419 3161 cailtanum
433 3113 570 3159 notantem
593 3103 700 3170 aunon,
719 3119 752 3160 ac
771 3103 964 3174 aletrannum,
987 3108 1076 3180 aitqua
1128 3099 1341 3157 nicaenenses.
1356 3098 1398 3155 Ad
1412 3098 1487 3155 trun
1501 3101 1582 3171 initur
1598 3102 1792 3173 reticulum,
1810 3112 1839 3160 er
1861 3104 1931 3163 aare

277 3197 408 3269 singulari
433 3196 577 3267 diuinaque
604 3196 709 3253 visione
732 3197 898 3268 impulsum,
922 3192 1112 3258 christianaeC
1128 3192 1333 3261 amplexandam
1358 3208 1427 3265 071777
1448 3209 1502 3251 7100
1521 3194 1613 3252 71777177
1636 3211 1784 3270 7077717001
1797 3197 1930 3272 Georgius

275 3291 401 3363 religioni
412 3306 490 3346 snum
502 3289 609 3347 dedisse
622 3306 730 3348 laomen.
742 3289 796 3348 Sed
809 3292 944 3349 undenam
953 3335 962 3363 ,
972 3274 1076 3366 quaeso,
1129 3284 1225 3355 770777,
1239 3285 1328 3342 777707
1340 3285 1455 3344 7757007·

277 3381 408 3454 Georgius
428 3382 523 3437 didicit
540 3394 555 3436 a
579 3380 735 3439 memoratis
749 3381 783 3436 ab
801 3396 835 3438 eo
854 3397 916 3439 eum
933 3383 1078 3455 gentilibus
1166 3380 1279 3450 Quando
1291 3391 1383 3438 autem
1395 3380 1551 3438 christianae
1567 3382 1691 3454 religioni
1705 3398 1803 3442 nomeu
1814 3383 1930 3453 dederit,

276 3483 335 3530 tum
355 3474 455 3531 ludaeis
484 3473 544 3530 illas
565 3474 720 3530 christiano
742 3473 880 3546 religionis
903 3476 1077 3547 probationes
1129 3488 1183 3529 non
1196 3473 1232 3529 ita
1245 3472 1325 3529 facile
1338 3473 1449 3530 dixeris.
1463 3473 1648 3546 Opinatusest
1660 3476 1733 3532 enim
1751 3475 1932 3535 Pameliusli·
2039 3512 2050 3533 .

274 3574 352 3621 tarrta
367 3575 497 3636 quantas
518 3564 686 3622 Tertulliano
698 3566 782 3621 animi
805 3568 971 3635 attentione,
994 3571 1078 3641 sequi·
1127 3564 1206 3621 braum
1225 3564 1358 3620 deuattto
1373 3565 1506 3635 publicam
1530 3566 1658 3623 inlucem
1681 3566 1716 3622 ah
1736 3567 1927 3625 illoenaissum
1991 3570 2007 3595 ⁸
2117 3630 2118 3655 ,

276 3666 352 3723 tate,
366 3656 520 3711 sinceritate
529 3670 662 3727 expensas
674 3667 702 3713 et
715 3656 899 3727 ponderatas?
910 3658 985 3716 Unde
994 3660 1077 3717 etiarn
1128 3672 1199 3714 anno
1211 3656 1310 3714 Christi
1324 3657 1387 3726 tut,
1400 3667 1427 3713 ct
1437 3658 1528 3715 statim
1539 3673 1572 3715 ae
1582 3658 1627 3715 ille
1638 3659 1784 3716 christiana
1796 3659 1928 3731 religione

276 3747 381 3817 accepit
391 3745 588 3803 Tertullianum
600 3748 645 3804 illa
658 3747 788 3819 singulari
808 3749 912 3806 risione
926 3750 1007 3808 luisse
1027 3753 1077 3810 do·
1128 3753 1249 3809 initiatus
1260 3752 1321 3808 luit.
1333 3752 1387 3809 Sed
1399 3752 1466 3808 laiss
1487 3761 1530 3809 est
1547 3752 1629 3824 hans
1640 3752 1779 3824 seripturis
1791 3751 1882 3822 opituo
1899 3750 1925 3807 iu

275 3849 385 3909 natum,
399 3856 452 3911 qua
462 3840 599 3912 privatus,
614 3842 673 3897 aliis
685 3842 891 3912 quamtumlibet
903 3845 1077 3906 validissimis
1127 3843 1288 3915 assignanda
1299 3842 1379 3914 hujus
1389 3843 1449 3899 libri
1464 3853 1562 3913 atate,
1580 3860 1659 3916 quem
1673 3844 1750 3915 longe
1760 3854 1870 3914 postea,
1885 3845 1927 3900 ni·

275 3931 442 3999 rationibus,
465 3932 499 3987 ad
518 3932 692 3989 christianam
714 3933 873 4005 religionem
890 3935 987 3994 adduci
1008 3955 1077 3996 nnn·
1127 3936 1224 3992 mirum
1239 3944 1300 4006 post
1317 3934 1402 4006 ipsius
1415 3934 1574 3992 emmelina
1595 3934 1714 3993 Ecclesia
1727 3934 1926 4005 delectionem,

275 4042 357 4100 quam
372 4026 521 4099 potuisset?
534 4024 640 4083 Siccine
653 4041 718 4099 ergo
737 4028 885 4085 christiano
896 4031 1077 4105 religiosoque
1126 4038 1155 4087 et
1166 4030 1246 4095 {cirea
1264 4043 1365 4085 annum
1376 4028 1426 4085 ult
1443 4029 1573 4102 seriptum
1593 4045 1665 4086 nuuc
1677 4028 1819 4101 peritiores
1830 4029 1929 4086 existi-

274 4122 380 4179 humini
401 4120 463 4178 lieet
475 4137 549 4178 ariera
563 4136 650 4193 eaque
664 4122 799 4179 letissima
813 4126 968 4195 conjectura
981 4141 1075 4183 eorum
1126 4135 1211 4181 mant.

274 4215 330 4270 uim
345 4223 373 4272 et
384 4213 467 4270 robur
483 4213 619 4271 inhrmsre
629 4217 863 4289 argumentoruml,
877 4217 975 4289 quibus
986 4218 1074 4275 chris·
1162 4218 1223 4274 Alio
1236 4217 1317 4289 igitur
1333 4219 1415 4276 modo
1437 4217 1653 4289 inuestigandum
1674 4226 1717 4273 cst
1740 4224 1873 4288 suscepte
1891 4216 1926 4271 ab

274 4307 506 4380 tianaereligionis
518 4309 634 4377 ucrims,
651 4318 681 4366 ut
699 4308 768 4366 inira
781 4311 973 4385 ostendemus,
992 4313 1075 4370 inuic-
1126 4311 1173 4368 illo
1194 4310 1274 4382 hujus
1295 4311 1470 4383 professionis
1490 4309 1605 4366 initium.
1628 4308 1761 4366 hiscimus
1782 4317 1875 4365 autern
1892 4323 1923 4365 es

275 4400 382 4457 tissime
403 4399 624 4456 demonstraturi
647 4400 701 4457 Sed
714 4401 875 4460 doctusille
892 4404 934 4459 vir
955 4405 1075 4461 animum
1126 4405 1290 4478 llieronpmu
1302 4405 1402 4461 editam
1425 4403 1459 4462 ab
1479 4417 1512 4459 eo
1526 4403 1558 4458 de
1578 4402 1692 4474 conjugii
1714 4401 1835 4457 molestiis
1856 4416 1927 4457 eosn-

271 4484 349 4554 'haud
370 4494 452 4552 dubie
465 4509 519 4551 tion
530 4494 597 4550 satis
616 4493 770 4571 adverterat
782 4495 816 4551 sd
827 4510 860 4552 ea
874 4495 1031 4553 'l'ertullisui
1045 4498 1074 4554 in
1125 4498 1335 4555 mentationem:
1350 4495 1415 4554 Cant
1424 4495 1510 4551 adnue
1519 4503 1583 4551 77777
1596 4494 1743 4549 adolescens
1755 4492 1924 4564 (llioroupm.

274 4589 451 4663 hpologetico
483 4588 518 4645 de
548 4587 694 4660 Martyrum
724 4589 852 4659 patientia
878 4590 984 4646 umba:
1009 4586 1172 4659 Quileib.
1195 4591 1217 4647 l.
1241 4592 1301 4648 adr.
1327 4590 1494 4662 lenimpag.
1511 4587 1737 4660 lhilonamnis
1758 4597 1923 4644 autemeam

274 4700 326 4740 non
336 4684 547 4754 sonternplotione
556 4683 612 4753 ejus
624 4680 766 4735 concentor
779 4681 813 4735 od
823 4681 1079 4757 requirenduntquid.
1122 4684 1233 4756 iuuenili
1244 4694 1325 4741 etate
1336 4684 1434 4741 lusisse
1454 4683 1481 4738 in
1495 4682 1547 4738 hac
1567 4681 1678 4739 77777777
1692 4681 1811 4748 dixerit;
1826 4680 1925 4737 Eusto·

273 4777 343 4831 intus
354 4775 382 4829 in
400 4790 428 4829 re
440 4773 491 4828 sit?
504 4772 569 4841 Quis
582 4788 648 4835 riori,
664 4773 708 4825 uti
726 4772 873 4842 requisivit,
894 4772 1009 4828 exedit?
1023 4772 1074 4830 illi
1125 4778 1215 4835 eblum
1235 4788 1324 4835 umen
1338 4778 1468 4849 uirginem
1489 4776 1523 4833 ad
1547 4776 1635 4844 laune,
1649 4777 1720 4831 sieut
1739 4783 1767 4831 et
1787 4773 1856 4830 alios
1875 4773 1925 4846 Cg-

273 4867 391 4935 occessit,
402 4867 468 4921 uteri
477 4874 579 4938 mptut
592 4864 764 4935 (Tertullum.
778 4866 920 4938 npetoget.
933 4881 992 4938 cap.
1006 4864 1074 4939 solt
1125 4873 1230 4943 priani,
1250 4870 1371 4935 Damasi,
1387 4878 1467 4942 atque
1479 4866 1616 4926 Ambrosii
1631 4867 1714 4923 libros
1735 4864 1866 4938 legendos
1878 4864 1925 4922 nd·

272 4961 310 5019 lit
321 4975 416 5018 rursus
430 4960 476 5016 ille
489 4958 566 5016 alteri
580 4959 649 5015 libro
667 4960 707 5016 sic
720 4958 803 5016 buern
815 4960 944 5032 imponite
962 4961 1074 5032 Quique
1126 4965 1263 5022 bortatur:
1292 4963 1327 5021 lit
1345 4979 1432 5032 nunc,
1456 4963 1562 5037 inquit,
1585 4960 1672 5017 eodem
1693 4958 1829 5028 odntuneo,
1854 4967 1883 5014 ut
1901 4958 1926 5015 si

273 5064 372 5110 tuntum
390 5053 552 5108 soluentium
571 5061 702 5124 spectans,
725 5060 754 5107 ut
773 5053 861 5123 aliquo
879 5055 1000 5127 scrupulo
1014 5071 1074 5127 per·
1124 5056 1170 5114 tili
1183 5057 1265 5128 pluent
1280 5057 1346 5113 scire
1360 5065 1421 5125 quot
1441 5054 1563 5112 7777777777
1575 5055 1646 5127 uirgo
1666 5052 1762 5118 utera,
1775 5061 1835 5123 quot
1857 5065 1924 5107 uuor

272 5165 372 5217 7777777,
384 5158 409 5204 77
421 5147 547 5220 inquirere
559 5146 708 5202 accenditur
720 5146 782 5218 quid
793 5149 825 5203 sit
838 5148 865 5204 in
878 5164 979 5219 musso,
993 5159 1018 5205 et
1030 5151 1073 5207 uiri
1123 5150 1253 5205 adstricto·
1264 5149 1313 5216 sit,
1323 5148 1395 5220 lepus
1421 5146 1610 5202 Turulliunum
1628 5145 1663 5200 ud
1684 5144 1795 5213 antigena
1809 5140 1923 5215 pbiloso-

271 5240 416 5314 cuqnonerit
436 5240 580 5306 uentotenr,
605 5249 628 5295 et
653 5240 708 5312 ipse
732 5241 818 5295 stutinr
842 5241 957 5313 sequitur
974 5240 1069 5315 (libr.
1124 5247 1203 5318 plnum
1215 5245 1224 5317 l
1236 5243 1310 5299 idem
1332 5240 1417 5314 Epist.
1439 5239 1484 5297 ts.
1496 5240 1530 5295 ud
1551 5237 1678 5295 Eustoclt.
1696 5255 1724 5309 p.
1742 5236 1778 5294 at
1791 5237 1812 5307 ).
1829 5234 1882 5292 Sed
1894 5236 1922 5292 in

272 5335 306 5390 sd
323 5333 432 5405 Scapul.
455 5348 515 5405 cap.
531 5333 618 5390 ultim.
632 5333 651 5405 l.
669 5338 704 5390 nt
714 5334 737 5392 si
751 5334 862 5406 utrilibet
875 5337 1003 5409 gentilis,
1019 5353 1071 5396 nec
1122 5335 1232 5396 dubium
1246 5335 1316 5391 haud
1328 5332 1465 5392 immerito
1479 5330 1569 5388 vocari
1583 5337 1672 5402 potest
1682 5338 1772 5385 utrum
1784 5326 1829 5384 hic
1840 5326 1922 5394 liber,

271 5428 382 5495 omnino
397 5429 535 5500 pertinax,
556 5444 606 5486 uec
620 5430 728 5503 iniquus
739 5446 832 5487 rerum
844 5432 1008 5499 mstinuetor,
1028 5433 1070 5489 sie
1122 5430 1198 5499 cuius
1207 5427 1290 5500 joma
1305 5427 1386 5498 longo
1397 5422 1660 5498 tempureJacturam
1678 5421 1838 5515 ieelruus,a
1854 5418 1922 5476 Ter·

268 5520 358 5591 agnita
385 5518 539 5577 christianae
558 5520 697 5593 religionis
718 5522 848 5591 imitate,
861 5538 921 5581 eam
936 5523 1071 5596 amplexa·
1122 5521 1234 5578 tulliano
1253 5520 1379 5587 ethnico,
1400 5527 1448 5574 aut
1473 5516 1620 5575 christiano
1643 5513 1725 5573 luerit
1743 5514 1919 5587 compositus.

268 5618 314 5671 tus
332 5620 391 5681 est,
405 5622 505 5682 quanto
518 5614 603 5684 usuagis
615 5612 812 5683 renuntians,
832 5616 878 5688 qui
898 5616 967 5673 alios
986 5616 1069 5676 animi
1121 5613 1221 5672 ilerum
1249 5615 1310 5682 cui,
1340 5612 1444 5685 inquiet
1468 5610 1588 5682 aliquis,
1614 5607 1762 5665 verisimile
1786 5602 1922 5662 ridebitur

267 5706 432 5776 sagacitate,
445 5713 473 5761 et
484 5705 612 5778 aquitan
621 5706 700 5778 longe
709 5706 873 5777 superabat?
1121 5705 1310 5778 Hieronymum
1324 5703 1477 5761 christianae
1490 5702 1585 5775 virgini
1606 5711 1745 5757 cunctorem
1765 5713 1920 5757 suasorem·

303 5794 374 5857 unu
400 5810 480 5866 reru,
501 5795 573 5865 qnod
595 5796 643 5855 illc
667 5799 785 5855 maxime
806 5798 1016 5857 christianorum
1037 5803 1067 5862 in
1118 5796 1395 5870 quaeesseuoluisse5
1411 5795 1606 5856 utbunesicut
1619 5793 1745 5867 Cypriani
1768 5791 1920 5852 7777777777
