4242 6259
289 333 343 400 ‘itt
824 337 859 398 ΙΝ
876 329 1110 400 TERTUthbNi
1128 333 1396 401 seotucuttatttt
1887 343 1940 404 171

290 454 608 532 lougum‘interposuisse
627 456 755 527 temporis
772 459 899 529 spatium,
913 474 965 516 nec
981 473 1085 516 moram
1098 459 1126 524 Α
1137 458 1250 516 eordare
1263 460 1378 531 primum
1388 453 1421 514 ad
1432 457 1559 515 Nationes
1571 457 1677 523 librum,
1691 459 1714 514 si
1727 459 1808 531 httjus
1819 462 1939 532 excipias

291 553 347 624 pati
363 552 490 623 potuisse,
503 550 568 619 quin
580 548 793 606 Christianorum
806 565 911 614 caussa,
925 550 1003 616 sicuti
1016 550 1088 624 apud
1138 563 1219 624 caput
1240 552 1372 623 quintum,
1390 551 1418 606 in
1435 567 1487 623 apuu
1501 551 1584 623 petita
1604 552 1639 605 ab
1660 550 1777 607 ethnicis
1802 568 1836 608 ex
1860 553 1939 611 unalis

291 646 431 703 uniuersos
454 643 585 707 nationes.
598 644 632 699 ita
646 644 717 716 apud
729 644 971 715 eorumpraesides,
982 645 1089 717 judiees
1139 644 1298 715 quibusdam
1309 643 1463 699 christianis
1473 643 1670 713 argumentatio
1680 641 1792 699 diluitur
1803 660 1811 708 ;
1822 649 1940 715 eteaput
1984 639 1993 648 “

289 752 323 793 sc
341 736 661 807 magistratasperorats,
676 736 782 793 illorum
803 736 984 793 innocentiam
997 736 1088 793 omul-
1140 735 1275 805 altimum,
1298 736 1371 809 quod
1394 736 1477 793 totius
1496 735 1558 792 libri
1579 735 1718 792 conclusio
1731 745 1784 791 est.
1799 734 1941 794 Secundus

290 829 341 886 hus
363 827 536 900 patefaceret.
562 828 590 886 Si
618 845 682 902 ergo
710 830 899 901 Apulugeticus
922 831 992 887 liher
1016 831 1089 889 circa
1140 841 1229 889 autem
1254 830 1324 888 iiber
1349 831 1383 887 ad
1406 832 1530 888 nationes
1552 832 1580 886 itt
1605 829 1800 901 septemdecim
1824 831 1941 902 capitula

290 933 390 978 annum
399 919 568 988 Christiibb,
582 921 807 994 quemadmodum
816 923 943 988 diximus,
953 919 1089 994 publicam
1140 921 1242 980 diuisus
1252 932 1305 992 est,
1316 935 1429 995 quomm
1445 921 1598 995 quindecim
1611 920 1677 976 nibil
1689 936 1750 977 eum
1765 920 1941 995 apologetico

290 1010 317 1067 iu
330 1011 418 1068 lucem
440 1013 622 1079 emissusest,
637 1012 664 1068 lsi
677 1013 731 1069 duo
743 1014 777 1070 ad
790 1013 919 1072 Nationes
931 1014 994 1072 libri
1008 1014 1090 1087 prule
1140 1029 1284 1072 commune
1304 1011 1414 1071 babent.
1439 1015 1469 1071 ln
1491 1027 1552 1069 octo
1573 1021 1664 1069 autem
1687 1013 1822 1085 prioribus
1842 1028 1876 1069 es
1896 1012 1941 1071 lais

290 1111 354 1161 astte
367 1101 495 1176 diuulgati
508 1103 616 1162 inerant
635 1102 741 1177 (ibid).

591 1256 739 1299 turturibus
757 1258 795 1298 ttt.

1066 1165 1069 1169 ,
1141 1110 1292 1182 quindecim
1315 1107 1440 1179 capitulis
1461 1091 1643 1165 Tertullianus
1664 1105 1757 1162 dottam
1777 1122 1793 1162 a
1816 1104 1941 1165 Varrone

1141 1203 1239 1274 triplex
1249 1201 1359 1259 deorum
1371 1215 1455 1274 genus
1463 1199 1617 1273 physicum,
1625 1199 1784 1272 mythicum,
1792 1198 1937 1271 plebeium,

1142 1295 1169 1353 ln
1183 1308 1285 1369 septem
1302 1310 1368 1353 reru
1382 1294 1577 1368 posterioribus
1592 1293 1741 1352 venditatos
1755 1291 1939 1351 Romanorum

292 1378 331 1437 De
344 1379 436 1436 domna
449 1380 572 1437 thronis
590 1389 751 1452 asqttmetato,
765 1388 789 1436 ei
806 1389 892 1434 airam
911 1378 978 1435 ithasi
992 1380 1092 1453 pierias
1142 1390 1208 1448 deos
1222 1391 1338 1462 exagitat
1356 1399 1385 1448 et
1399 1389 1530 1463 explodit.

327 1472 1089 1546 norimbergaeioris,qaarniuapologetiropertraetetar.

327 1607 406 1669 Plura
420 1612 528 1684 quidem
547 1609 721 1683 insuperiori
736 1610 850 1668 articulo
869 1612 1010 1668 retulimus
1023 1610 1091 1668 ’111-

292 1701 395 1762 tulliani
420 1704 513 1772 uerba,
534 1704 631 1776 quihus
655 1712 769 1759 testatur
792 1718 822 1758 se
848 1703 922 1774 pium
943 1704 971 1759 ir.
990 1702 1032 1758 his
1056 1702 1091 1759 ad

291 1787 418 1852 Nationes
443 1791 518 1850 libris
542 1795 763 1866 praetermisisse,
784 1809 845 1866 qrrac
867 1795 892 1850 iu
916 1793 1090 1865 Apulugetico

1179 1485 1217 1540 Es
1230 1484 1422 1557 quinquaginta
1434 1483 1665 1556 rerodpoioqetici
1675 1481 1799 1554 capitulis
1807 1496 1840 1539 ne
1850 1481 1941 1539 media

1142 1577 1250 1650 quidem
1264 1591 1326 1650 pars
1336 1593 1398 1636 cum
1408 1577 1514 1637 duobus
1529 1579 1564 1632 ad
1576 1577 1704 1635 Nationes
1716 1577 1793 1635 libris
1806 1578 1940 1651 congrait.

1141 1669 1208 1726 Cum
1223 1670 1329 1727 esteris
1343 1680 1432 1727 autem
1446 1669 1568 1738 dissidet,
1596 1671 1624 1726 ln
1649 1670 1747 1743 quibus
1756 1669 1942 1729 Tertullianus

1142 1763 1258 1834 explieat
1279 1763 1429 1833 asseritque
1454 1778 1535 1836 quam
1562 1778 1625 1820 uera
1649 1763 1704 1819 siut
1727 1761 1942 1820 Christianorum

292 1887 377 1946 insius
391 1888 524 1958 explicare
542 1888 708 1944 decreuerat.
726 1889 759 1943 bt
776 1887 833 1943 boec
849 1887 927 1959 plane
941 1898 1091 1958 repugnant
1105 1855 1129 1922 B
1143 1856 1315 1924 mmem’
1331 1874 1410 1930 ‘¹⁰³⁰'
1423 1860 1490 1915 ⁰³⁸¹}
1501 1869 1528 1915 ⁸¹
1541 1858 1688 1930 5⁰⁰⁰¹f¹¹p²i
1712 1856 1823 1915 mmm
1837 1872 1939 1927 ⁰¹⁰¹⁶⁸⁹

292 1982 399 2037 illorum
415 1980 545 2052 opinioni,
563 1982 608 2053 qui
624 1980 791 2038 contendunt
809 1979 938 2037 harrrmce
950 1996 1091 2060 comitten-

292 2073 423 2130 tatiouum
437 2082 624 2145 argumentum
647 2073 673 2129 iu
688 2073 762 2129 libris
775 2073 811 2129 ad
826 2072 952 2129 Nationes
968 2073 1090 2145 uberius,

293 2163 448 2236 perfectius,
471 2165 631 2236 meliorique
652 2164 757 2232 ordine,
780 2182 859 2238 quant
875 2167 901 2223 in
914 2165 1092 2240 Apologctico

292 2258 459 2329 pertractari.
473 2257 599 2316 Animum
612 2259 683 2314 enim
696 2261 787 2314 nescio
797 2274 849 2331 qua
862 2257 965 2316 ratione
978 2260 1092 2318 induse·

292 2357 353 2405 rant
375 2361 457 2416 aere,
479 2347 644 2419 aclionaeus,
665 2359 774 2405 acutum
798 2351 916 2407 auctoris
941 2351 1090 2424 ingenium,

291 2441 454 2515 lgnettmque
467 2442 538 2499 iliius
550 2457 662 2500 aeuuren
673 2444 773 2516 passim
782 2443 882 2517 ubique
897 2445 923 2500 in
934 2444 976 2502 lais
990 2447 1092 2504 micare

291 2533 377 2603 libris,
391 2535 437 2592 sed
460 2549 522 2593 eum
538 2537 654 2593 rtotento
674 2535 745 2592 illius
760 2539 859 2608 impetu
880 2547 996 2610 raptum,
1011 2539 1091 2612 plura

291 2628 442 2699 scripsisse,
459 2639 520 2699 quae
530 2643 584 2683 non
598 2628 666 2684 satis
681 2627 819 2695 meditata,
836 2631 929 2702 polita,
945 2629 1091 2703 limatoque

290 2727 362 2776 sunt.
380 2719 478 2776 Verum
493 2719 546 2775 ruit
561 2719 640 2791 plane
662 2720 721 2777 itaec
739 2721 842 2793 opinio,
863 2723 887 2779 si
899 2723 1091 2796 apologeticus

291 2821 352 2883 post
363 2812 445 2869 libros
453 2813 486 2868 sd
496 2809 623 2870 Nationes
632 2812 667 2870 ab
677 2827 721 2883 eo,
732 2813 810 2871 sicuti
819 2813 1090 2886 uidimus,proieetus

291 2908 382 2961 luerit.
1067 2969 1070 2972 ,

327 2995 461 3053 Preterea
479 3005 586 3054 constat
610 2998 686 3070 plura
713 2998 801 3071 urragui
821 3012 887 3056 sane
908 3000 1039 3056 momenti
1063 3001 1091 3057 iu

290 3085 468 3162 apologetico
490 3088 639 3160 disparari,
663 3105 724 3162 quae
748 3089 774 3146 in
802 3090 878 3147 libris
903 3089 938 3147 ad
961 3085 1089 3150 Nationes

290 3186 390 3242 omissa
405 3193 478 3253 sunt,
500 3185 606 3241 tametsi
622 3183 752 3240 rtonuulla
766 3183 792 3238 in
813 3184 855 3240 his
867 3183 986 3240 uicissim
1000 3183 1089 3253 libris,

291 3291 319 3339 et
339 3279 494 3353 neutiquam
515 3279 542 3335 in
556 3277 603 3335 illo
617 3278 749 3351 legantur.
764 3276 875 3358 Cunctis
886 3286 977 3335 autem
990 3289 1019 3334 ut
1032 3261 1125 3335 hascC

290 3377 376 3449 magis
389 3375 467 3447 plana
487 3389 519 3430 ac
530 3374 673 3446 perspicua
688 3372 763 3438 baut,
783 3370 965 3430 exhibentium
980 3371 1089 3428 censui·

291 3483 352 3526 mus
362 3467 477 3527 indicem
490 3468 619 3540 capitum,
628 3468 655 3522 in
670 3467 766 3539 quihus
779 3467 873 3523 eadem
887 3477 1012 3538 aguntur.
1025 3465 1091 3523 indo

291 3563 364 3619 euim
385 3561 566 3632 unusquisque
582 3558 660 3616 iaeilc
672 3558 814 3630 judicabit,
836 3555 974 3632 inquibus
989 3553 1092 3616 bilibri

292 3665 351 3709 sse
364 3652 477 3708 invicem
490 3651 655 3720 discrepant.

553 3783 660 3842 inbuit
678 3783 831 3844 caPll'tttt

293 3922 327 3980 ln
340 3922 430 3995 quiin
445 3918 632 3992 apologeticus
651 3928 675 3975 et
694 3919 753 3976 ttici
775 3921 808 3977 ad
832 3918 971 3992 Nationes,
987 3917 1092 3982 interae

611 4013 772 4072 conueniant.

293 4125 375 4190 biber
390 4130 491 4203 perimus
505 4127 539 4187 ad
552 4127 689 4188 Nationes.
782 4129 982 4203 llpologeticus.

294 4247 424 4320 Caputl.
473 4287 480 4301 .
527 4244 863 4317 .....Capl.

293 4360 424 4433 monta.
471 4399 534 4417 ..
621 4345 871 4432 ...capa

293 4455 426 4530 08111115.
473 4487 723 4513 ...σοι

293 4548 721 4622 capiat.......

293 4641 380 4715 Caput
399 4642 426 4700 6.
472 4682 480 4698 .
526 4679 534 4698 .
573 4677 583 4699 .
620 4679 628 4697 .
668 4683 676 4698 .
715 4679 723 4697 .
760 4640 869 4712 Capi.

293 4736 481 4809 Gapntt.·.
526 4773 534 4792 ·
573 4773 582 4792 .
621 4772 628 4790 ·
669 4773 677 4791 .
716 4774 724 4791 .
762 4733 937 4806 Capiet&

293 4827 380 4899 Caput
398 4828 426 4885 8.
471 4861 479 4883 .
526 4868 534 4886 .
573 4866 581 4882 .
621 4868 630 4883 .
668 4865 676 4884 .
716 4865 723 4881 .
760 4826 827 4898 Cap.
840 4826 868 4895 8,
883 4841 937 4883 nun
951 4835 1047 4886 totum.

294 4918 426 4993 Canuti.
473 4959 481 4977 .
526 4957 535 4977 .
573 4960 581 4977 .
620 4959 628 4975 .
662 4943 676 4976 ·.
715 4953 723 4976 0
760 4917 975 4990 uaptoutt.

293 5012 476 5086 erputtu..
520 5050 531 5069 .
574 5050 582 5068 .
622 5053 629 5071 .
668 5047 676 5069 .
715 5053 723 5070 .
754 5013 827 5084 dap.
845 5012 889 5080 ts,
905 5013 1092 5081 11111115.

294 5106 382 5180 Caput
400 5106 508 5176 1111,
538 5107 613 5165 iiiut
625 5106 669 5165 ll.
720 5146 728 5165 .
765 5106 831 5179 cap.
844 5095 888 5164 tu'.

294 5201 591 5274 montealtulo.
630 5242 637 5257 .
677 5244 686 5259 .
724 5243 732 5259 .
769 5200 836 5275 Cap.
851 5200 878 5259 9.

222 5299 227 5310 '
295 5297 381 5369 Caput
400 5297 434 5352 ti
437 5335 730 5356 .......
769 5296 898 5367 croac,

294 5389 381 5461 Caput
400 5389 436 5447 ts
438 5427 730 5450 .......
768 5390 835 5463 Gap.
851 5393 896 5451 iu.

295 5485 444 5557 Gaputib.
484 5524 492 5541 .
532 5527 539 5540 .
579 5528 585 5542 .
625 5525 633 5540 .
673 5525 681 5543 .
721 5527 728 5543 .
765 5485 893 5558 capsa,
915 5487 962 5560 18,
984 5485 1030 5548 db.

294 5578 377 5640 hiber
390 5580 524 5641 secundus
538 5580 571 5639 ad
585 5579 723 5640 Nationes.
773 5581 973 5654 apologeticus.

294 5673 381 5745 Caput
399 5675 435 5732 ts
440 5714 729 5737 .......
766 5676 833 5749 cap.
852 5676 896 5735 tu.

295 5763 382 5841 Caput
401 5772 436 5827 l'i
439 5801 729 5826 .......
766 5767 833 5841 Cap.
847 5769 894 5829 25.

331 5861 414 5919 tides
426 5869 493 5919 stae
504 5871 539 5917 es
560 5859 613 5919 troo
631 5859 719 5918 indies
740 5873 801 5918 oum
820 5861 995 5934 apotogetteo
1015 5871 1086 5925 eur·

760 4452 939 4528 &psas

759 4547 955 4620 &paum.

1142 1963 1221 2022 quam
1236 1951 1270 2020 pii
1283 1960 1311 2007 et
1324 1952 1408 2006 sancti
1423 1950 1558 2008 solemnes
1572 1966 1667 2008 eorum
1688 1960 1786 2020 cactus,
1810 1966 1843 2008 ac
1860 1961 1941 2022 quam

1142 2040 1276 2112 religiose
1285 2055 1409 2113 synaxes.
1420 2043 1454 2097 at
1465 2041 1498 2097 de
1507 2041 1549 2097 bis
1559 2042 1625 2098 nihil
1637 2044 1663 2098 in
1672 2043 1749 2102 libris
1758 2041 1793 2098 ad
1804 2040 1938 2100 Nationes.

1142 2125 1202 2189 Uno
1213 2133 1295 2190 uerbo
1307 2133 1334 2189 iu
1348 2134 1422 2191 hisce
1432 2135 1508 2191 libris
1520 2135 1720 2192 demonstratur
1728 2133 1942 2193 Christianorum

1143 2225 1296 2282 irurtoccutia
1306 2226 1471 2297 iniquissime
1482 2236 1586 2294 vesuta,
1599 2228 1769 2285 ethnicorum
1781 2243 1845 2284 uero
1855 2227 1941 2298 iarius·-

1143 2317 1211 2382 titia,
1236 2317 1403 2388 demutatio,
1431 2319 1583 2390 corruptela
1606 2328 1635 2375 et
1658 2319 1794 2392 religionis
1813 2321 1941 2390 pravitas,

1141 2407 1261 2480 nihilque
1274 2409 1400 2480 amplius.
1418 2410 1516 2468 Verum
1538 2411 1565 2467 in
1582 2413 1750 2486 Apoioqetiro
1765 2412 1823 2469 haec
1834 2413 1944 2484 quidem

1142 2501 1243 2570 austria,
1267 2510 1295 2559 et
1319 2502 1428 2575 insuper
1443 2503 1602 2562 christiane
1615 2506 1752 2577 religionis
1767 2508 1896 2562 sanctitas
1910 2519 1944 2563 ac

1141 2595 1251 2651 veritas.
1261 2594 1325 2663 Quis
1335 2610 1400 2667 ergo
1410 2612 1445 2653 es
1456 2597 1506 2654 bac
1516 2598 1645 2655 iturumce
1655 2597 1784 2656 librorum
1795 2597 1943 2656 collatione

1141 2701 1241 2759 negare
1253 2689 1350 2759 poterit
1365 2688 1472 2746 iliorum
1489 2700 1677 2762 argumentum
1691 2690 1771 2764 louge
1793 2690 1898 2763 plenius
1910 2704 1944 2748 ac

1141 2781 1286 2851 periectins
1299 2782 1326 2836 in
1339 2782 1513 2854 apologetico,
1527 2799 1609 2856 quam
1630 2783 1659 2841 ia
1679 2783 1755 2842 libris
1768 2784 1803 2840 od
1816 2781 1943 2841 Nationes

1140 2874 1270 2946 explicari
1283 2888 1315 2932 ac
1326 2873 1531 2932 demonstrarii
1577 2941 1584 2954 ·
1782 2881 1786 2888 ’

1434 3003 1583 3049 sustentus
1601 3007 1649 3049 tlt.

1141 3126 1181 3183 De
1206 3126 1329 3183 librorum
1350 3128 1385 3183 cd
1409 3126 1535 3183 Nationes
1555 3128 1645 3196 titaie,·
1669 3143 1716 3182 car
1741 3144 1758 3183 a
1782 3125 1941 3182 Tertaiiiano

1176 3220 1276 3291 scripti,
1297 3237 1328 3276 ac
1347 3203 1436 3292 qniiss
1450 3220 1540 3276 disard
1561 3221 1657 3291 {serim
1667 3237 1677 3287 ,·
1691 3219 1725 3276 de
1743 3222 1818 3276 saiso
1838 3218 1943 3275 iiiorsus

1177 3311 1349 3383 monascripto
1360 3313 1458 3382 codice,
1468 3314 1546 3370 aeriis
1559 3313 1721 3384 editionibus,
1734 3330 1766 3371 ac
1774 3313 1945 3387 qaorsmdarn

1176 3405 1205 3461 in
1216 3422 1259 3462 eos
1273 3407 1339 3462 rrotr's
1350 3415 1375 3461 et
1389 3405 1619 3465 oioeroatianiiss.

1177 3532 1356 3591 Observatum
1376 3547 1392 3591 a
1412 3533 1490 3592 nobis
1512 3534 1562 3594 luit
1584 3536 1634 3595 his
1655 3535 1740 3595 libros
1758 3538 1785 3595 in
1805 3529 1942 3611 ilgebardi

1142 3624 1236 3682 codice
1257 3625 1367 3682 inscribi
1388 3627 1423 3681 ad
1443 3626 1568 3684 Nationes
1578 3629 1672 3701 (Supr.
1688 3631 1735 3686 boa
1747 3648 1806 3701 sap.
1822 3641 1872 3686 are.
1888 3631 1940 3700 3l;

1143 3717 1177 3774 ab
1197 3717 1360 3791 llierunymo
1384 3727 1474 3777 autem
1501 3721 1629 3777 librorum
1661 3722 1696 3776 ad
1720 3730 1805 3794 genus
1829 3721 1942 3779 uomina

1057 3811 1063 3820 ’
1143 3810 1231 3877 citari,
1254 3808 1301 3866 sed
1316 3810 1454 3882 utriusque
1467 3810 1534 3868 tituli
1548 3804 1669 3868 eamdem
1680 3827 1741 3868 esse
1760 3811 1939 3885 significatio·

1144 3913 1217 3956 nem.
1234 3901 1301 3968 Quia
1314 3909 1405 3957 mmen
1419 3903 1457 3957 illi
1471 3902 1504 3958 ad
1517 3917 1585 3974 quos
1598 3902 1625 3958 bi
1644 3902 1704 3958 iibri
1717 3902 1814 3959 directi
1828 3910 1892 3960 sunt
1905 3902 1943 3960 ab

1144 3996 1204 4067 ipsu
1217 3994 1384 4053 Tertulliano
1402 3994 1527 4052 Nationes
1548 4002 1596 4053 aut
1618 3996 1716 4052 miserae
1729 4003 1776 4052 aut
1790 3996 1944 4052 mannasca

1144 4090 1260 4146 arationes
1273 4090 1451 4161 appellantur,
1463 4090 1526 4158 birro
1535 4099 1609 4147 certe
1619 4091 1707 4162 potior
1716 4089 1824 4147 videtur
1833 4089 1943 4161 praedas

1145 4182 1173 4237 irr
1187 4179 1322 4253 Agebardi
1336 4181 1429 4238 codiee
1443 4181 1582 4255 irtscriptio
1597 4181 1721 4253 (Tertaii.
1735 4179 1779 4237 tti.
1794 4179 1815 4237 1.
1826 4180 1861 4235 ad
1874 4178 1940 4240 Nat.

1145 4293 1203 4350 cap.
1219 4279 1245 4336 l.
1255 4288 1279 4334 et
1289 4279 1333 4338 iii.
1350 4277 1384 4348 ll,
1397 4296 1457 4353 cap.
1469 4278 1506 4349 l).

1181 4373 1295 4444 Quidam
1321 4383 1412 4429 autem
1437 4387 1472 4430 ex
1496 4371 1547 4428 hac
1573 4370 1722 4442 epigraphe
1746 4368 1836 4440 colligi
1862 4379 1942 4439 posse

1145 4476 1286 4525 autumant
1296 4468 1347 4525 hos
1356 4467 1440 4523 libros
1450 4461 1484 4524 ad
1494 4464 1665 4523 ethnicorum
1682 4464 1809 4536 populum
1822 4459 1942 4533 plebem·

1145 4578 1197 4636 que
1211 4562 1337 4629 directus,
1356 4561 1558 4635 llpoiogeticum
1573 4575 1639 4616 uero
1658 4556 1692 4614 ad
1709 4558 1828 4629 ipsorum
1843 4551 1942 4624 stragis·

1105 4655 1241 4725 ntratus,
1254 4657 1360 4729 judices
1381 4671 1413 4713 ac
1427 4657 1571 4728 principes.
1587 4654 1623 4710 tlt
1636 4652 1671 4710 dc
1683 4653 1736 4708 hoe
1749 4650 1859 4721 quidem
1873 4649 1944 4718 apo·

1143 4753 1259 4825 lugetieo
1270 4760 1343 4808 certa
1355 4767 1410 4819 res,
1432 4758 1460 4808 st
1470 4759 1545 4806 extra
1560 4748 1770 4804 controuersiam
1787 4743 1874 4814 posita
1889 4748 1942 4795 est.

1144 4844 1213 4913 Quid
1236 4854 1326 4901 tamen
1348 4852 1421 4900 aetat
1443 4842 1587 4915 quumiuus
1607 4840 1661 4896 duo
1675 4839 1710 4894 od
1730 4835 1856 4892 Nationes
1882 4830 1944 4888 libri

1144 4939 1270 4996 omnihus
1281 4936 1525 5004 oraniuocthnicis,
1539 4949 1600 4991 euin
1611 4932 1728 5006 populis,
1740 4939 1796 4985 tum
1806 4925 1944 4998 jndicibus

1145 5038 1173 5090 et
1185 5030 1353 5104 praesidibus,
1362 5030 1453 5102 scripti
1465 5027 1584 5086 luerinti
1598 5025 1693 5083 Nonne
1706 5026 1733 5081 iu
1745 5023 1784 5080 eis
1794 5016 1944 5076 Tertullia-

1146 5135 1196 5181 nus
1212 5137 1265 5179 nou
1289 5124 1376 5180 solum
1400 5123 1427 5179 in
1449 5121 1554 5194 piebem
1572 5119 1712 5193 gentilium
1733 5111 1876 5176 intuebitur,
1893 5105 1945 5166 sed

1147 5217 1226 5274 etiam
1247 5215 1274 5272 ln
1287 5215 1402 5286 judices,
1417 5214 1463 5286 qui
1485 5223 1581 5271 eontra
1604 5210 1787 5284 praescriptam
1807 5200 1945 5275 equitatis

1146 5310 1288 5381 legumque
1301 5315 1456 5365 cunctarum
1471 5305 1584 5364 iortuam
1598 5304 1766 5362 Christianus
1787 5295 1946 5354 indefensos

1146 5412 1174 5460 et
1185 5402 1318 5459 inauditus
1331 5395 1568 5457 coudemtmbanti
1589 5396 1684 5453 Nonne
1702 5408 1767 5466 ergo
1788 5389 1842 5447 dici
1854 5393 1947 5461 potest

1146 5489 1359 5561 Tertullianum,
1392 5509 1453 5551 curn
1479 5491 1551 5548 harre
1582 5490 1752 5547 etlmieorum
1784 5480 1947 5556 injustitiam

1146 5601 1332 5660 santmamque
1352 5586 1539 5645 cmdelitatem
1552 5590 1687 5648 cerneret,
1711 5580 1762 5636 hos
1776 5579 1892 5648 primum
1910 5569 1947 5628 ad

1148 5675 1282 5747 Nationes,
1294 5680 1381 5747 idest,
1393 5691 1575 5751 quoscumque
1583 5672 1696 5746 gentiles
1706 5670 1838 5727 ‹iiresisse
1849 5667 1946 5735 ituros,

1146 5783 1229 5832 ateos
1242 5773 1276 5830 ad
1287 5773 1433 5842 saniorem,
1446 5769 1469 5828 si
1480 5769 1536 5829 tisri
1547 5776 1649 5844 posset,
1661 5774 1802 5824 reuocaret
1812 5772 1946 5819 mentem.

1144 5863 1198 5926 sed
1215 5864 1278 5937 quia
1298 5861 1366 5926 nihil
1377 5869 1424 5926 aut
1436 5879 1530 5939 parum
1551 5865 1626 5927 carte
1641 5853 1802 5933 proiecerat,
1828 5861 1886 5914 tun
1903 5839 1941 5909 aa
