4242 6259
292 333 349 415 me
998 344 1234 412 autumemus
1889 354 1942 417 me

295 483 356 529 tura
368 468 557 548 prospicimus,
569 477 597 526 ct
617 469 692 539 signa
711 481 805 525 eorum
825 466 945 541 prioridie
967 468 1092 526 intentari
1106 471 1133 533 Δ
1147 469 1400 528 tuerrmtcltristiani
1411 472 1475 530 :sed
1485 470 1554 530 idern
1567 475 1619 549 ipsi
1630 475 1675 547 qni
1688 490 1736 546 per
1745 473 1838 545 genius
1847 489 1941 532 eorum

296 567 420 623 ridemus
436 565 488 634 (l),
503 576 614 618 neeesse
623 572 666 619 est
688 562 734 618 rel
752 562 803 617 (ιιι
814 560 894 616 modo
904 575 1045 632 erumpere
1059 562 1093 617 ad
1147 565 1173 619 iu
1192 564 1277 636 pridie
1293 580 1379 635 nsque
1390 566 1547 636 intraverunt
1560 569 1610 641 (e),
1623 570 1668 640 nui
1683 582 1733 639 prn
1749 569 1836 624 salute
1850 583 1942 626 eorum

292 655 470 731 proponenda
483 653 675 723 suburanam
684 652 1027 723 palarnoourultisaudire
1041 649 1093 726 (ι).
1146 654 1249 713 iustius
1270 664 1299 712 ct
1317 655 1436 714 fecerant
1449 658 1490 732 (l)
1511 668 1540 716 et
1560 669 1700 727 reserarit,
1712 659 1756 730 qni
1780 659 1943 718 ctntsnanos

603 744 716 803 CAPUT
732 745 765 801 lt.
1146 765 1219 823 saepe
1236 749 1429 808 damnaverant
1440 793 1448 817 ,
1459 751 1552 810 hostes
1564 768 1658 811 eorum
1670 761 1732 810 sunt
1745 753 1855 824 reperti.
1865 751 1945 812 curt·

330 840 385 899 Nos
409 856 492 898 unum
515 840 595 898 deum
617 841 741 911 colimus,
766 855 847 913 auem
869 854 964 923 omues
986 849 1096 915 natura·
1147 842 1251 901 stianus
1264 843 1365 900 nullius
1378 853 1420 901 est
1434 843 1528 909 laestis,
1542 845 1640 903 nedum
1654 846 1844 919 imperatoris:
1858 842 1939 919 obem

294 934 357 993 liter
378 933 486 1015 nostis,
519 932 553 991 ad
575 933 659 1007 tcujus
681 933 786 1006 fulgura
810 944 838 991 et
858 934 975 990 tonitrua
989 942 1097 992 contre·
1148 936 1238 994 sciens
1256 952 1273 993 a
1288 936 1346 993 beo
1360 952 1410 994 suo
1424 938 1562 1007 constitui,
1576 954 1686 997 necesse
1704 947 1746 996 est
1766 947 1796 994 ut
1809 946 1837 995 et
1856 939 1944 1010 ipsum

295 1026 411 1086 meritis
421 1024 482 1101 (2),
495 1024 532 1083 ad
542 1026 620 1098 cujus
637 1026 768 1084 beneficia
789 1025 922 1100 gaudetis.
933 1024 1054 1085 Ceteros
1067 1034 1097 1086 et
1147 1027 1260 1100 diligat,
1274 1037 1302 1085 et
1318 1037 1490 1099 revereatur,
1505 1037 1533 1086 et
1553 1030 1684 1098 honoret,
1696 1039 1724 1088 et
1744 1030 1849 1087 salvom
1861 1031 1945 1101 velit,

295 1118 349 1191 ipsi
367 1117 637 1191 putatisdeosesse,
662 1133 730 1195 (1¹¹08
752 1133 802 1189 110(
822 1116 961 1193 daemouas
983 1118 1096 1176 scimus.
1148 1139 1210 1182 eum
1230 1130 1286 1180 toto
1308 1138 1421 1182 romano
1435 1124 1567 1196 imperio,
1588 1141 1728 1199 puteusque
1746 1126 1874 1184 saeculrm
1891 1137 1948 1183 sta·

295 1211 399 1271 Tamen
415 1209 524 1268 bomani
541 1209 611 1282 juris
630 1219 659 1267 et
679 1210 808 1267 naturalis
825 1210 966 1282 potestatis
979 1219 1022 1268 est
1033 1210 1096 1267 uni·
1148 1214 1197 1273 bit.
1213 1215 1327 1273 Tamdiu
1339 1217 1413 1274 enim
1426 1219 1517 1276 stabit.
1536 1216 1658 1277 Colimus
1679 1232 1746 1292 ergo
1758 1228 1787 1275 et
1798 1219 1949 1291 Imperato-

295 1306 410 1379 cuique,
431 1303 504 1377 qued
528 1304 672 1376 putarent,
694 1303 803 1371 colere;
817 1318 867 1361 uec
886 1303 932 1360 alii
958 1304 1039 1361 obest
1049 1312 1098 1360 aut
1149 1322 1207 1367 rena
1223 1308 1273 1376 sic,
1285 1310 1420 1382 quomodo
1433 1323 1462 1368 et
1482 1311 1560 1368 nobis
1570 1313 1652 1380 lieet,
1667 1321 1695 1370 et
1709 1312 1760 1384 ipsi
1774 1311 1900 1385 expedit,
1915 1318 1948 1369 ut

296 1398 417 1472 prodest,
430 1397 543 1456 alterius
556 1397 662 1470 religio.
675 1396 729 1455 Sed
743 1412 794 1454 nee
805 1397 945 1470 religionis
959 1404 1001 1455 est
1015 1411 1097 1470 coge·
1150 1400 1288 1460 bominem
1305 1418 1320 1458 a
1342 1402 1399 1460 Deo
1419 1404 1586 1475 meandum,
1611 1414 1639 1463 et
1652 1404 1780 1479 quicquid
1798 1414 1841 1462 est
1861 1404 1950 1463 alteo

295 1509 327 1554 re
339 1492 499 1565 religionem
511 1492 561 1567 (i),
572 1507 633 1565 quae
645 1499 741 1563 sponte
755 1491 855 1563 suscipi
864 1490 972 1561 debeat,
987 1505 1041 1547 non
1051 1491 1094 1547 ri:
1148 1504 1321 1551 consecutum
1332 1493 1383 1568 (5),
1395 1495 1517 1569 sololtco
1528 1499 1671 1554 minorem.
1686 1497 1743 1553 lloe
1757 1504 1785 1554 et
1797 1497 1855 1568 ipse
1864 1496 1949 1554 volet.

296 1600 359 1645 eum
377 1594 406 1644 et
428 1585 524 1644 boetia
543 1586 579 1642 ab
598 1587 690 1643 animo
703 1585 798 1643 libenti
822 1585 1036 1657 expostulentur.
1057 1584 1098 1643 lta
1148 1586 1195 1645 Sic
1212 1587 1285 1644 enim
1302 1588 1426 1645 omnibns
1437 1590 1585 1662 majorest,
1600 1590 1665 1648 dum
1679 1591 1738 1647 solo
1752 1604 1817 1647 rere
1829 1590 1885 1646 liro
1894 1590 1950 1647 mi-

297 1681 350 1739 etsl
361 1694 411 1737 nos
425 1679 609 1751 compuleritis
626 1680 661 1736 ad
674 1678 893 1746 sacrificandum,
908 1679 976 1735 nibil
985 1689 1100 1751 prasta-
1150 1692 1201 1735 uor
1214 1685 1272 1735 est:
1287 1679 1327 1735 sie
1338 1688 1367 1737 et
1378 1681 1444 1751 ipsis
1458 1680 1511 1737 diis
1526 1681 1673 1754 majorest,
1684 1682 1749 1740 dum
1762 1690 1791 1739 et
1802 1682 1853 1752 ipsi
1863 1684 1890 1738 in
1903 1696 1952 1754 po·

299 1773 362 1832 bitis
377 1773 429 1831 diis
440 1773 557 1830 restris:
573 1772 609 1829 ab
621 1772 712 1831 inritis
724 1773 795 1828 enim
809 1771 943 1830 sacridcia
958 1788 1012 1830 non
1023 1771 1099 1829 desi·
1150 1778 1248 1828 testate
1271 1781 1334 1829 sunt
1354 1772 1424 1845 ejus.
1441 1773 1536 1846 ltaque
1556 1785 1585 1832 et
1606 1776 1790 1833 saerilleamus
1803 1791 1853 1851 pro
1866 1775 1952 1833 salute

298 1868 441 1936 derabunt;
452 1867 535 1925 nisisi
545 1868 707 1924 contentiosi
719 1876 792 1934 suut;
811 1866 998 1923 contensiosus
1007 1875 1100 1923 autem
1113 1906 1138 1970 B
1151 1862 1325 1936 imperatoris
1339 1864 1442 1937 (simod
1453 1866 1510 1923 beo
1522 1876 1615 1924 nostro
1626 1877 1652 1922 et
1660 1844 1749 1945 ipsius
1760 1885 1768 1923 :
1779 1867 1827 1923 sed
1839 1840 1953 1940 quomo

299 1962 367 2019 deus
380 1977 434 2018 nun
447 1969 499 2019 est.
514 1961 633 2035 benique
645 1961 690 2032 qui
704 1969 747 2017 est
762 1973 860 2026 verus,
874 1959 965 2014 omnnia
995 1972 1043 2014 sua
1066 1973 1101 2016 ex
1152 1955 1188 2011 do
1202 1956 1330 2028 precepit
1342 1957 1421 2023 Deus,
1436 1973 1605 2039 pumprere.
1621 1957 1679 2015 Non
1692 1959 1766 2016 eninr
1778 1967 1841 2033 eget
1855 1959 1944 2027 ileos,

300 2069 379 2126 anuo
397 2061 425 2111 et
445 2051 565 2127 profanis
579 2062 607 2110 et
625 2053 682 2109 suis
703 2049 964 2125 praestantemque
981 2048 1100 2120 etiudi-
1152 2045 1276 2104 conditor
1301 2048 1502 2117 universitatis,
1538 2050 1629 2107 odoris
1659 2059 1705 2107 aut
1729 2052 1868 2122 sanguinis
1890 2051 1942 2108 ali·

300 2147 372 2204 ιίιιιιι
384 2144 524 2202 coustituit
535 2153 666 2201 aemruum
676 2143 712 2200 de
721 2142 805 2215 gratis
815 2149 844 2199 et
855 2140 977 2213 ingratis.
997 2139 1102 2223 Tamen
1152 2140 1230 2213 eujus
1242 2139 1293 2214 ip).
1308 2140 1374 2199 liaeo
1386 2141 1460 2198 enim
1474 2140 1670 2221 demoniorum
1690 2142 1788 2217 pabula
1801 2154 1874 2199 sunt.
1890 2142 1952 2201 llae-

301 2237 602 2310 uos,quossacrilegos
615 2234 888 2304 existimatis,necin
902 2232 1101 2304 lartounquam
1153 2248 1249 2293 mones
1270 2242 1433 2291 autemnon
1455 2244 1560 2291 tanturn
1581 2236 1746 2306 respuimus,
1759 2250 1854 2292 rerum
1867 2245 1896 2293 et
1909 2249 1953 2293 re·

300 2330 534 2405 deprehendistis,
549 2330 647 2388 nedum
668 2331 696 2386 in
718 2329 868 2401 sacrilegio.
886 2327 987 2385 Omnes
1008 2336 1100 2385 autem
1153 2329 1304 2396 uincimus,
1321 2336 1350 2385 et
1371 2328 1490 2401 quotidie
1509 2327 1696 2399 traducimus,
1711 2331 1786 2387 etde
1801 2328 1954 2388 bominibus

300 2426 347 2501 qui
369 2426 467 2497 templa
489 2422 703 2498 despoliantis),
725 2430 753 2480 et
777 2438 826 2495 per
852 2421 919 2479 deos
939 2421 1049 2493 iurant,
1074 2427 1102 2478 et
1153 2423 1327 2496 expellimus,
1340 2423 1542 2496 sicutplurimis
1555 2432 1649 2480 rnatum
1661 2432 1714 2481 est.
1738 2423 1777 2480 lte
1793 2437 1844 2480 nos
1863 2422 1951 2496 magio

300 2518 412 2577 eosdem
424 2517 535 2583 colunt,
549 2522 579 2573 et
598 2514 740 2572 christiani
760 2530 813 2572 non
827 2522 909 2582 sunt,
923 2515 959 2583 {et
977 2512 1102 2586 sacrilegi
1152 2528 1262 2575 oramus
1276 2530 1326 2588 pro
1338 2515 1424 2572 salute
1439 2516 1630 2588 lmperatoris,
1645 2516 1680 2573 ab
1690 2530 1725 2573 eo
1735 2531 1795 2573 eam
1811 2516 1954 2587 postoim-

302 2621 393 2671 tamen
410 2610 658 2685 deprehenduntur.
682 2609 804 2681 Longum
822 2617 865 2667 est
887 2608 910 2666 si
927 2617 1099 2676 remeamus,
1154 2619 1206 2677 tes,
1218 2609 1263 2681 qui
1277 2617 1406 2680 prestare
1420 2618 1519 2681 potest.
1536 2610 1570 2666 Et
1588 2610 1681 2682 utique
1694 2625 1726 2667 er
1739 2608 1879 2681 disciplina
1903 2623 1952 2679 pa·

301 2706 400 2780 quibus
421 2705 483 2764 aliis
503 2704 591 2762 modis
608 2713 636 2761 et
656 2703 832 2760 derideantur
849 2710 877 2759 ct
895 2709 1104 2759 contemnantur
1153 2704 1256 2762 tientie
1267 2703 1365 2761 diriuae
1381 2719 1462 2777 agere
1476 2718 1536 2771 nos,
1552 2704 1620 2761 satis
1641 2702 1811 2761 manilestum
1825 2718 1888 2761 esse
1904 2718 1957 2762 ro-

301 2812 397 2857 omues
408 2798 457 2866 dii,
470 2797 506 2855 ab
519 2797 585 2869 ipsis
598 2796 747 2855 cultoribus
760 2796 829 2853 suis.
839 2795 1002 2853 Sieeteirea
1017 2795 1103 2866 naje-
1154 2795 1197 2853 bis
1207 2802 1305 2866 potest,
1316 2810 1378 2852 eum
1394 2803 1466 2851 tanta
1480 2795 1622 2852 bominum
1638 2795 1793 2864 multitudo,
1808 2809 1873 2868 pars
1886 2808 1958 2866 pene

301 2899 398 2949 statem
411 2889 586 2961 Imperatoris
607 2888 770 2946 infamamur
782 2887 839 2960 (r),
855 2897 944 2944 tamen
965 2902 1103 2959 nunquam
1137 2889 1241 2959 ’major
1254 2886 1372 2944 ciuitatis
1392 2888 1524 2960 cujusque
1540 2888 1580 2962 (6)
1593 2930 1601 2953 .
1616 2888 1643 2944 ln
1656 2888 1767 2947 silentio
1783 2899 1811 2946 et
1823 2888 1957 2947 modestia

302 2981 430 3041 albiniani
440 2981 493 3056 (d),
508 2997 559 3041 nec
569 2980 703 3057 nigriani,
729 2980 774 3039 rel
792 2981 898 3040 cassani
917 2979 1031 3038 inveniri
1052 2994 1104 3052 po·
1155 2981 1278 3053 egimus,
1299 2980 1397 3052 singuli
1419 2980 1490 3039 lorte
1503 2981 1561 3039 uoti
1573 2981 1751 3056 magisquana
1764 2996 1882 3040 omum:
1904 2995 1956 3043 nee

914 3094 1107 3157 multones
1126 3094 1332 3155 tementes.

335 3221 374 3413 (lt
388 3218 514 3272 Omenuri
530 3216 652 3279 ridemus,
664 3211 754 3280 omlis.
770 3214 832 3266 lunt.
1117 3210 1141 3277 c
1200 3211 1217 3261 l
1246 3209 1502 3264 lideeerantltbertort

334 3284 363 3411 g
388 3277 685 3336 contremiscentem.
1200 3212 1227 3402 ἓξ
1242 3272 1434 3326 Etodd.Frert.
1447 3271 1535 3343 amnt

388 3341 591 3413 btspobautaiii
1245 3335 1487 3402 undamentum

990 3439 1271 3502 comburentes.
1314 3462 1318 3471 ’

341 3566 418 3625 CbP.
429 3565 602 3637 1.-(ι)((ιιι
614 3546 1104 3638 peleurnoneultireudire.Haererba
1153 3555 1232 3626 Quod
1251 3569 1341 3617 tamen
1358 3560 1386 3617 io
1398 3558 1479 3633 legib.
1498 3556 1666 3618 Francorum
1678 3571 1775 3619 terete
1785 3556 1953 3632 polibium

307 3652 404 3768 sspcrre·
415 3638 653 3761 testantnrstibrur?
667 3633 963 3760 ¹¹⁰¹¹gff¹¹⁹f¹⁵⁰⁰¹¹¹st¹⁰⁰
976 3631 1104 3757 trzditkum
1154 3639 1270 3759 ιοιιιιιιὲ.
1283 3631 1373 3715 liuor.
1693 3705 1700 3716 Ι

323 3716 1103 3854 υῗῗὲηήῃᾞῑῗ)δοέἕιιιιεῗιῖἱῗιίοιῖὶῃιιιιῗιιιῃςὶἑξίᾚῖςίοῑιιιιῗι.
1155 3700 1960 3846 “labsgfssltsswgigissqfficffitlslfqubdmffi

305 3853 378 3914 lorte
393 3851 480 3907 locum
495 3852 566 3904 bunc
577 3847 737 3919 detorqueat
749 3847 782 3901 ad
795 3855 932 3900 sectarum
947 3842 1103 3911 licentram,
1156 3842 1303 3901 Pastumet
1350 3856 1483 3915 tempsere
1498 3846 1712 3917 nominasent,
1737 3861 1815 3904 mero
1840 3860 1911 3919 poue
1930 3854 1961 3903 et

306 3919 460 3989 annotanda
486 3919 560 3976 uenit
580 3918 706 3976 ductoris
730 3915 863 3974 sententia
887 3913 1044 3971 earumdem
1069 3914 1104 3972 li·
1157 3930 1237 3987 aqua.
1254 3916 1300 3973 Sic
1329 3918 1470 3974 urenalis:

306 3993 406 4055 berun
421 4005 531 4062 prorsus
545 3989 679 4046 contraria
693 3988 769 4044 initio
782 3986 930 4058 Scorpiaci.
945 3986 1014 4042 Pau.
1236 3986 1376 4040 observant
1389 3990 1431 4041 ubi
1443 3988 1506 4043 leste
1516 4002 1588 4041 mero
1598 3991 1665 4055 pede
1677 3989 1778 4041 sabbam
1787 4001 1872 4054 reges

346 4071 386 4139 (ι)
401 4063 475 4122 Circo
493 4063 651 4132 maiestatem
664 4059 842 4134 lmperetoris.
855 4058 894 4114 lle
907 4056 1021 4113 erimine
1035 4057 1109 4115 laesae
1158 4046 1270 4118 idest,
1300 4052 1372 4108 nudo
1395 4053 1474 4124 pede.
1507 4053 1599 4124 itaque
1625 4069 1691 4126 pura
1713 4067 1804 4125 prece,
1829 4054 1879 4108 boc
1898 4058 1960 4117 est,

308 4137 458 4211 majestatis
470 4136 531 4192 ride
544 4134 575 4192 l..
591 4135 618 4191 in
631 4133 825 4206 questionibus
840 4131 873 4197 b,
886 4129 919 4185 ad
936 4129 989 4197 leg.
1008 4129 1109 4186 iuliam
1159 4119 1217 4177 sola
1242 4131 1270 4179 et
1294 4124 1366 4179 nrrda
1388 4124 1534 4187 oratione,
1562 4123 1598 4182 de
1626 4133 1717 4182 mente
1748 4133 1838 4179 sancta
1862 4129 1892 4179 ct
1914 4123 1962 4179 in·
1985 4174 1992 4191 ,

308 4213 417 4282 majest.
433 4216 459 4263 et
474 4217 557 4265 totum
573 4205 648 4263 iilum
663 4206 767 4261 titulum
780 4198 963 4258 evolvecitat
976 4200 1109 4258 LaCerda
1161 4195 1280 4251 ¹¹⁰cenli.
1302 4194 1456 4252 Offerebam
1500 4204 1577 4252 entes
1596 4196 1649 4252 diis
1677 4195 1752 4251 ranis
1778 4194 1894 4250 inartima
1910 4203 1963 4250 aut

308 4282 342 4344 L.
358 4280 528 4344 Meminisse,
544 4280 653 4352 quiesit
668 4273 1109 4333 illalcxdoceredebuit.l,ePu.
1160 4262 1261 4331 billi.
1294 4267 1371 4323 litura
1408 4276 1455 4323 aut
1522 4282 1578 4323 ros.
1619 4265 1763 4325 Cirristiaol
1798 4266 1854 4323 Deo
1892 4279 1962 4322 rero

347 4354 406 4427 (a)
433 4350 530 4409 Tam
556 4367 686 4424 „unquam
712 4349 865 4413 Arpiniani,
891 4361 937 4402 „a
974 4344 1108 4420 Nigriani,
1161 4332 1405 4395 olleruntanimam
1420 4339 1696 4400 rationalem.laudes
1710 4337 1961 4408 etgratiasdieen·

309 4427 439 4485 claudius
461 4426 594 4490 Albinus,
619 4432 649 4479 ut
673 4422 767 4479 scribit
793 4419 963 4492 Spartianus,
977 4422 1109 4476 adsersus
1161 4418 1216 4464 20¹¹!
1236 4409 1303 4464 Deo·
1318 4409 1375 4466 Hoc
1386 4411 1485 4466 diserte
1495 4411 1611 4482 explieat
1629 4410 1812 4481 btbeuagoras
1826 4408 1963 4479 legatione

309 4500 440 4560 Sererrrnr
456 4499 519 4570 imp.
536 4496 675 4553 rebellavit
688 4495 715 4549 in
729 4493 825 4550 Gallia.
840 4490 934 4547 Victus
945 4498 987 4546 cst
998 4490 1043 4545 die
1059 4507 1110 4548 un·
1159 4481 1206 4539 illl
1226 4481 1446 4555 ltr⁰C¹t¹l⁸li²ttiS
1476 4480 1510 4537 ld
1539 4483 1702 4537 Antoninum
1727 4479 1961 4544 immodum·

310 4572 417 4631 decimo
435 4569 494 4627 lini.
516 4568 642 4635 llartias,
663 4565 734 4650 apud
758 4564 910 4620 Timutium
924 4580 932 4617 :
947 4571 975 4618 et
993 4561 1109 4620 cadauer
1159 4557 1250 4611 citatis
1261 4555 1343 4610 etiam
1359 4552 1436 4611 Pauli
1450 4552 1558 4616 serbis,
1574 4553 1671 4622 quibus
1683 4552 1797 4607 bostiam
1810 4550 1962 4617 describit,

310 4656 376 4701 ante
395 4644 505 4698 duratum
524 4641 659 4712 propriam
681 4652 737 4709 pam
760 4637 885 4717 divisum,
902 4634 929 4691 iu
948 4633 1108 4690 lihrrdanum
1159 4634 1242 4682 lueres
1265 4632 1353 4694 gouer,
1372 4631 1453 4698 epten,
1468 4630 1590 4708 cleperent
1607 4642 1641 4699 etp
1660 4633 1713 4696 ore,
1725 4633 1771 4683 «ὴν
1795 4631 1890 4695 tepere
1913 4631 1963 4679 la·

311 4713 423 4773 durium
437 4713 570 4782 abjectum
583 4721 634 4769 est.
648 4709 704 4765 lion
724 4707 848 4765 dissimuli
868 4705 923 4763 lato
941 4705 1107 4762 Pescennius
1119 4675 1147 4739 D
1160 4710 1239 4770 ιριιιι
1255 4696 1398 4767 epanlpse
1411 4697 1595 4752 'l'crtultmnus
1608 4697 1635 4752 iu
1650 4694 1826 4766 Apologetico
1842 4711 1851 4749 ἱ
1871 4690 1964 4760 (ΜΝ

312 4786 395 4858 Niger
421 4801 436 4839 a
462 4784 581 4856 Syriacis
607 4780 757 4853 legionibus
785 4781 930 4850 imperator
957 4793 971 4831 a
994 4776 1107 4848 peilatus
1158 4771 1444 4853 opiommetmuporeur
1457 4768 1565 4850 irretiunt
1578 4764 1644 4829 beo.
1664 4766 1807 4840 punnipse
1818 4764 1963 4845 madunt,

312 4867 407 4915 eontra
426 4856 574 4924 Seternm,
597 4854 703 4909 tandem
718 4850 788 4923 apud
808 4848 933 4923 Cyzicum
955 4793 992 4903 ag
1010 4849 1107 4905 eodem
1156 4851 1297 4895 orutronenr
1308 4841 1339 4896 dc
1353 4855 1430 4895 carne
1442 4840 1546 4909 pudico,
1559 4839 1591 4891 de
1601 4839 1688 4893 animo
1699 4839 1838 4904 innocenti,
1851 4837 1883 4890 de
1897 4834 1965 4905 Spa·

313 4939 357 4987 est
369 4929 554 4998 interemptus.
570 4927 604 4981 et
618 4921 862 4985 bridiusCassius,
874 4936 908 4976 ex
927 4920 1025 4974 lamiiia
1039 4918 1107 4974 Cas·
1155 4913 1209 4981 gite
1228 4910 1327 4969 Srnrto
1340 4915 1490 4982 profectam.
1515 4909 1549 4964 Et
1570 4909 1618 4966 lib.
1639 4907 1684 4974 tv,
1712 4922 1772 4977 cap.
1800 4910 1827 4968 1.
1850 4906 1963 4964 ndrers.

313 5002 415 5058 siorum
435 5000 482 5071 qui
505 4998 533 5053 (ιι
553 4996 585 5051 C.
604 4997 705 5054 iulium
724 4994 962 5064 conspiraverant,
981 4989 1014 5046 L.
1039 4990 1109 5048 lero
1158 4982 1322 5040 Marcionem
1334 4983 1369 5039 ad
1384 4980 1447 5037 illud
1468 4979 1629 5037 lalacbim:
1648 4977 1764 5046 offertor
1783 4978 1881 5034 nemirri
1904 4993 1964 5033 ιιιω

315 5071 473 5145 irruperatori
504 5067 615 5124 iusidias
641 5068 758 5133 struxit,
785 5064 891 5121 occisus
916 5061 1025 5118 undem
1053 5076 1110 5118 nou
1160 5055 1376 5119 obboomendn,
1390 5052 1620 5124 seilicetsinrplex
1640 5052 1728 5106 oratio
1745 5050 1779 5107 dc
1792 5047 1964 5106 conscientia

316 5144 424 5200 ‘uberate
437 5143 493 5210 illo,
509 5139 556 5198 sed
570 5150 659 5195 tamen
671 5153 724 5193 nou
739 5134 929 5192 uetantellinc
938 5132 1109 5200 nibinianus,
1180 5140 1238 5183 uro.
1256 5126 1288 5182 Et
1304 5140 1364 5197 cap.
1375 5126 1403 5193 9,
1418 5125 1554 5180 bortrinem
1573 5123 1611 5178 ait
1628 5121 1726 5179 ollerre
1748 5122 1848 5178 debere
1861 5132 1965 5175 munus

312 5161 458 5288 {lignarios
477 5223 505 5269 et
521 5210 666 5267 Cassianos
684 5216 762 5264 necat
781 5206 961 5263 Tertullianus
983 5204 1112 5261 delectio·
1161 5140 1220 5255 {ico
1234 5198 1303 5269 apud
1322 5198 1470 5269 ternplum,
1491 5196 1640 5252 orationem
1659 5193 1761 5250 seilicet
1780 5201 1808 5248 et
1826 5192 1964 5247 actionem

316 5303 381 5345 natur
401 5287 512 5342 istarum
526 5283 668 5348 conscios,
683 5281 722 5336 sie
736 5281 763 5335 in
778 5278 890 5350 epilog.
907 5275 997 5343 Unde,
1012 5276 1109 5347 inquit,
1162 5270 1308 5342 gratiarum
1321 5270 1391 5339 apud
1405 5267 1570 5334 Ecclesiam,
1590 5281 1639 5340 per
1656 5263 1832 5322 tttutsttttt
1849 5260 1966 5320 tusum

316 5357 416 5424 cnut,
441 5367 465 5413 et
492 5354 587 5426 Nigri,
614 5364 637 5409 ιι
661 5351 769 5408 albini?
795 5350 863 5407 unde
888 5348 933 5421 gui
956 5349 1022 5404 inter
1046 5348 1113 5405 deos
1162 5341 1325 5399 catholicum
1334 5337 1608 5412 &trissacerdotem
1618 5334 1967 5462 ilinrrtiusl'eiix,sostee·

316 5432 405 5491 leuem
418 5429 533 5485 obsident
546 5425 693 5482 Cererem?
708 5424 795 5479 liuere.
1113 5456 1118 5463 ι
1183 5428 1243 5468 nam
1262 5414 1350 5483 dixit,
1369 5412 1473 5468 delubro
1484 5419 1508 5465 et
1532 5426 1592 5466 eree
1614 5424 1666 5465 non
1681 5408 1852 5477 moenum
1870 5404 1964 5465 drdtl:

354 5502 394 5575 (e)
409 5499 462 5558 Sed
473 5500 551 5556 iidem
560 5498 620 5568 ipsi,
634 5497 679 5569 pei
711 5490 1113 5567 neminemnemltatnbpe·
1189 5487 1282 5543 'rabitis
1296 5482 1594 5550 bortiolonuronr’nmr,
1608 5491 1709 5554 etpero
1723 5495 1812 5545 nunt,
1826 5476 1970 5533 etsiuoert

317 5574 373 5647 log.
389 5582 471 5644 atoue
486 5571 554 5628 adeo
566 5584 661 5625 omnes
675 5514 713 5625 ilfi
729 5566 781 5624 sub
794 5567 851 5637 ipsa
865 5579 950 5635 rusque
968 5563 1113 5633 impietatis
1163 5559 1298 5613 sententie.
1317 5555 1383 5613 lice
1403 5565 1491 5611 nestro
1511 5554 1655 5624 meripeiu,
1670 5552 1725 5607 ltere
1741 5550 1790 5606 liei
1803 5564 1877 5605 mere
1889 5556 1965 5603 sent.

319 5662 369 5705 eru
389 5648 473 5710 bone,
488 5652 602 5699 etsaera
615 5639 750 5697 iacielrant
762 5653 812 5709 pro
826 5637 912 5693 salente
932 5635 1112 5707 imperaturis,
1164 5629 1286 5702 lienium
1304 5627 1490 5711 Eucharistiae
1503 5636 1595 5683 uestra
1608 5622 1705 5682 malci
1718 5636 1785 5749 'im
1804 5635 1887 5693 prem
1904 5616 1969 5677 tlte

319 5728 349 5775 et
384 5716 476 5773 eninm
488 5714 547 5786 ejus
554 5712 724 5783 dejerabant,
737 5708 783 5764 alii
797 5708 871 5774 loris,
892 5708 937 5763 alii
951 5708 1032 5763 intus.
1052 5705 1113 5762 Cae·
1165 5702 1287 5758 oratione
1300 5702 1356 5757 sola
1369 5699 1491 5757 lusbuus
1503 5698 1635 5756 adsersus
1648 5695 1723 5768 Trpp
1744 5709 1825 5751 ouem
1837 5689 1966 5749 Judoeon

320 5796 410 5842 terum
423 5787 457 5842 ab
467 5789 518 5841 trac
532 5799 580 5855 per
592 5784 685 5855 genios
706 5782 841 5837 Cesaram
850 5778 988 5851 dejerandi
999 5792 1114 5834 consue·
1165 5780 1288 5829 teetatur.
1304 5770 1365 5831 lire.

321 5856 425 5922 tudine,
439 5857 518 5911 rideo
531 5862 764 5922 natumotpostea
783 5849 855 5920 apud
868 5850 1030 5907 ebriebanos
1041 5849 1115 5919 priu-
1202 5844 1241 5919 (g)
1268 5843 1361 5900 (itioris
1386 5852 1431 5899 out
1458 5841 1590 5914 conpertis
1618 5839 1738 5913 alicuju.
1766 5832 1885 5908 oppleuit
1915 5830 1965 5888 irie

323 5924 397 5995 cipes
409 5938 457 5995 per
473 5924 586 5984 sunem
600 5923 728 5994 rogitatu
740 5921 885 5981 liberorum
898 5919 956 5991 eius
969 5920 1114 5991 iurantur.
1167 5929 1274 5990 precem
1290 5930 1384 5988 puram
1403 5914 1480 5977 odori
1498 5920 1546 5973 aut
1564 5910 1697 5986 sanguim.
1710 5909 1744 5969 Et
1762 5922 1826 5968 rere
1841 5902 1966 5966 nubea
