4242 6259
330 338 388 401 aas
1040 321 1292 402 'reconsutam'
1836 303 1841 319 ‘
1929 341 1985 404 atu

332 459 369 518 de
391 460 517 528 sedibus,
544 457 578 513 de
602 459 728 527 coronis,
743 457 778 514 de
801 458 922 525 exuuiis,
936 467 1035 529 quanta
1058 472 1131 530 prae·
1144 459 1172 521 Α
1185 458 1262 514 trinis
1274 457 1327 514 diis
1343 465 1453 528 parent,
1468 456 1590 527 magnis,
1617 454 1792 527 potentibus,
1820 455 1984 514 valentibus.

334 561 409 625 terea
435 564 528 615 sacra,
552 557 652 620 quanta
692 549 823 607 sacriticia
850 549 1019 621 precedam,
1049 551 1133 606 inter·
1184 550 1300 608 Eosdem
1316 549 1684 606 Samothracasesistimanl.
1704 546 1820 605 Obelisci
1837 549 1984 608 enormitas

333 643 448 705 cedant,
471 640 636 708 succedant,
657 650 722 713 qrrot
735 641 846 714 collegia
858 684 865 710 ,
879 651 945 714 quot
965 642 1131 709 sacerdotia,
1182 644 1221 718 (e)
1234 687 1241 710 ‚
1255 653 1285 699 ut
1311 642 1477 723 llermateles
1500 642 1633 711 affirmat,
1646 640 1708 725 Soli
1731 640 1874 711 prostituta
1896 642 1986 698 :scri-

333 741 399 804 qnot
417 731 504 787 olllcia
520 741 696 798 moveantur,
722 733 810 789 sciunt
825 731 947 788 lromines
972 732 1045 788 iilius
1057 733 1133 788 urbis
1185 745 1262 808 ptura
1284 736 1344 805 ejus
1360 735 1430 790 unde
1454 744 1482 791 ct
1495 748 1609 800 census,
1630 731 1664 788 dc
1687 714 1804 806 AEg‘g'pto
1828 734 1985 803 superstitio

334 825 362 883 in
373 840 424 898 qna
435 824 628 882 daemoniorum
640 835 789 883 conventus
799 827 919 883 consedit
931 826 984 899 (ιι).
995 827 1031 881 da
1046 827 1068 880 si
1079 826 1132 882 mi·
1184 837 1235 885 est.
1259 826 1386 899 Frigebat
1410 826 1565 881 daturonum
1586 825 1727 884 correilinm
1747 824 1806 880 sine
1827 839 1875 880 sua
1898 833 1986 882 matre

332 934 476 975 norecnra
497 934 544 990 per
558 920 710 989 provincias
728 934 777 991 pro
800 919 947 975 minoribus
970 917 1133 975 riribnsad·
1184 935 1297 992 magna;
1336 934 1367 976 ca
1392 919 1483 990 imque
1506 918 1559 973 illic
1582 916 1710 988 praesidet
1737 915 1849 988 Euripo.
1877 915 1984 975 Consus

332 1010 536 1078 ministrantur,
562 1019 652 1067 tamen
677 1027 772 1067 nurnes
793 1011 893 1081 ubique
905 1011 1048 1068 Circenses
1071 1009 1134 1067 illue
1184 1011 1237 1084 (nt
1251 1010 1388 1082 diximus)
1400 1011 1471 1081 apud
1494 1019 1580 1066 metas
1592 1011 1643 1066 sub
1659 1020 1729 1066 terra
1749 1008 1894 1066 delitescit.
1908 1008 1986 1065 Mur·

271 1104 276 1114 '
332 1102 500 1174 deputandi,
524 1104 594 1160 unde
620 1112 649 1158 et
681 1112 826 1174 petuntur;
854 1102 916 1160 inde
939 1103 1131 1174 inquinantur,
1185 1106 1236 1161 tias
1253 1120 1362 1177 quoque
1383 1103 1483 1160 idolum
1515 1102 1646 1177 iecit(9l.
1670 1101 1793 1159 blurtiam
1815 1102 1888 1158 enim
1906 1101 1986 1159 deant

332 1196 404 1252 unde
419 1204 571 1251 sumuntur.
586 1195 652 1251 Nam
674 1206 702 1251 et
714 1194 816 1250 rivulus
832 1193 964 1251 lenuiset
978 1195 1132 1257 molente,
1184 1197 1284 1252 amoris
1304 1195 1341 1271 (s)
1362 1197 1474 1262 uolunt,
1500 1196 1543 1251 cui
1559 1196 1586 1251 in
1607 1196 1652 1251 illa
1668 1204 1743 1265 parte
1767 1193 1853 1251 {edem
1873 1210 1986 1251 rovere.

332 1298 360 1345 et
371 1288 495 1344 surculus
516 1287 638 1344 modicus
650 1303 684 1342 ex
697 1303 750 1343 ‘sua
765 1286 880 1355 fronde,
905 1286 1061 1356 qualitatem
1077 1284 1133 1343 ori·
1185 1288 1386 1352 Animadverte.
1401 1289 1558 1353 cbristtane,
1573 1297 1639 1358 quot
1649 1287 1757 1343 rmnrina
1773 1286 1831 1357 (tu)
1847 1284 1987 1342 irnmuodu

331 1381 403 1452 ginis
427 1380 559 1436 courtinet.
585 1379 686 1435 Viderit
710 1379 820 1434 ambitio
832 1378 890 1435 sire
911 1378 1049 1450 frugalitas
1073 1377 1132 1448 ejus
1185 1381 1359 1453 possederint
1375 1382 1495 1437 Circum.
1508 1381 1601 1437 Aliena
1614 1381 1715 1436 esttibi
1730 1379 1834 1451 religio,
1850 1395 1932 1451 qoam
1948 1389 1990 1436 tot

332 1487 386 1543 quo
399 1471 438 1545 (l)
463 1472 553 1529 ileum
571 1471 700 1528 ouerruta:
716 1470 909 1541 qualiscunque
929 1485 1026 1542 ponrpa
1045 1469 1130 1535 circi,
1183 1473 1284 1529 diaboli
1299 1474 1415 1545 spiritus
1430 1481 1643 1545 occupaverunt.
1661 1474 1698 1528 lle
1711 1472 1779 1527 locis
1790 1469 1897 1542 quidem
1910 1471 1990 1529 loeus

332 1565 383 1621 etsi
398 1581 482 1636 pauca
509 1566 651 1622 simulacra
662 1564 852 1633 circumierat,
868 1565 895 1619 iu
907 1579 960 1620 uno
979 1564 1131 1621 idololatria
1183 1572 1226 1622 est
1237 1564 1399 1621 retractandi
1415 1563 1448 1620 ad
1470 1563 1687 1636 praeveniendam
1709 1562 1886 1635 quorumdam
1901 1563 1989 1621 inter·

332 1668 389 1715 est:
404 1659 467 1714 etsi
483 1673 564 1713 unam
591 1659 713 1714 tbeusam
729 1657 836 1724 trabat,
851 1657 928 1713 loris
951 1666 1039 1711 tamen
1056 1656 1131 1727 plau·
1183 1657 1362 1729 rogationem.
1379 1657 1447 1726 Quid
1458 1657 1552 1724 enim,
1580 1656 1687 1727 iniquis,
1703 1657 1727 1713 si
1745 1655 1799 1712 alio
1819 1657 1844 1712 in
1864 1664 1990 1726 ternpore

332 1759 418 1805 strum
433 1759 494 1804 est:
510 1749 612 1821 quavis
635 1749 785 1805 idololatria
800 1749 909 1804 sordide
921 1748 1070 1811 instructa,
1086 1746 1131 1803 rel
1183 1746 1292 1805 Circum
1306 1749 1420 1815 adiero,
1440 1749 1614 1820 periclitabor
1626 1748 1662 1804 dc
1676 1746 1988 1820 inquinamentolliulla

332 1840 438 1898 modice
449 1842 568 1913 locuples
581 1842 620 1914 (2)
631 1842 769 1912 splendida
782 1851 824 1897 est
843 1855 928 1898 censo
947 1840 1069 1897 criminis
1081 1839 1134 1896 sui.
1149 1832 1175 1894 B
1187 1852 1229 1898 cst
1242 1842 1409 1914 praescriptio
1429 1841 1464 1898 de
1474 1842 1554 1914 loeis.
1569 1841 1637 1898 Nam
1652 1838 1709 1898 uon'
1720 1842 1778 1898 sola
1792 1844 1842 1898 ista
1853 1842 1985 1898 conciba-

629 1933 744 1991 carun
765 1931 832 1989 (ΙΙΙ.
1000 1986 1007 2006 Ι,
1181 1935 1244 1991 bula
1258 1934 1488 2005 spectaculorum.
1503 1934 1551 1990 sed
1565 1936 1646 1990 etiam
1657 1935 1755 2006 templa
1768 1934 1824 2005 ipss
1836 1934 1896 1992 sine
1909 1934 1985 2005 peri·

367 2025 404 2084 Ut
421 2027 495 2083 etde
519 2025 601 2091 locis,
625 2025 773 2082 secundum
797 2026 963 2097 propositum
979 2038 1130 2096 exsequar,
1182 2028 1245 2084 culo
1266 2027 1417 2097 discipliuae
1442 2026 1519 2085 adire
1541 2042 1637 2084 servus
1661 2028 1709 2084 ilci
1734 2037 1840 2099 potest,
1868 2036 1983 2100 orgeolo

332 2120 420 2176 cimus
444 2118 499 2175 Soli
527 2118 710 2192 principaliter
725 2126 906 2174 ‘consecratur
930 2135 937 2172 ε
956 2116 1033 2188 cujus
1058 2114 1132 2171 aedes
1184 2134 1279 2177 caussa
1293 2118 1407 2191 simplici
1422 2118 1563 2186 duntaxat,
1577 2134 1638 2191 ntra
1652 2133 1705 2175 non
1718 2119 1853 2191 pertineat
1866 2119 1900 2176 ad
1921 2134 1989 2190 pro·

332 2214 421 2269 medio
446 2213 548 2284 spatio,
563 2223 591 2268 et
613 2212 718 2284 elligies
741 2213 776 2269 de
801 2211 909 2284 fastigio
923 2210 991 2267 aedis
1013 2211 1131 2277 emieat,
1184 2216 1272 2285 prlum
1292 2211 1414 2282 ciusloci
1430 2212 1567 2284 negotium
1586 2210 1630 2267 rel
1651 2210 1781 2268 cilicium.
1805 2211 1938 2269 Ceterum
1951 2220 1984 2268 et

331 2305 404 2377 quod
432 2320 485 2361 non
519 2306 673 2375 putaverint
717 2304 758 2378 (3)
787 2304 838 2363 snb
864 2313 937 2362 tecto
968 2317 1133 2361 eonsecran·
1185 2305 1301 2378 plateae,
1327 2314 1354 2361 et
1373 2303 1483 2373 lorum,
1507 2311 1536 2360 et
1550 2303 1672 2370 balneae,
1687 2303 1857 2371 etstabula,
1879 2304 1989 2373 etipsa

332 2399 417 2464 duro,
440 2412 524 2469 quern
552 2396 580 2453 in
602 2407 698 2468 aperto
720 2396 830 2453 babent.
861 2396 939 2467 Quod
961 2395 1002 2469 (ι)
1024 2403 1134 2465 speeta-
1185 2398 1282 2454 donnus
1301 2407 1403 2453 nostras
1426 2397 1487 2453 sine
1509 2395 1714 2453 idolisomnino
1728 2410 1784 2453 non
1798 2403 1879 2462 sunt;
1899 2403 1988 2452 toturn
2015 2444 2021 2451 .

332 2490 422 2546 culum
446 2489 562 2559 primum
582 2504 598 2543 a
619 2489 699 2547 Circe
718 2489 827 2547 babent.
849 2490 905 2547 Soli
932 2490 1077 2562 patrituo,
1105 2496 1135 2542 ut
1185 2488 1316 2546 seculum
1331 2488 1446 2546 Satanas
1458 2496 1485 2544 et
1499 2487 1663 2561 angeiixejos
1675 2487 1857 2557 repleverunt.
1870 2485 1929 2542 Nou
1947 2496 1991 2542 ta·

332 2581 426 2637 rolrrnt
447 2578 497 2653 (5),
512 2580 625 2637 ιιΙίιιιιιι1
637 2580 789 2637 alilrmant:
804 2582 839 2637 ab
865 2597 896 2638 ea
908 2591 936 2638 et
957 2581 1027 2637 Circi
1042 2578 1134 2649 appel·
1185 2598 1247 2638 men
1260 2580 1332 2652 quod
1345 2581 1371 2637 in
1383 2580 1485 2637 smcolo
1497 2594 1607 2648 sununs,
1622 2596 1637 2635 a
1652 2579 1706 2635 Deo
1719 2579 1885 2646 excidimus,
1901 2579 1950 2635 sed
1966 2579 1991 2636 si

334 2671 460 2728 lationem
474 2680 705 2742 argumentantur.
721 2671 804 2729 Plane
828 2671 869 2746 (6)
892 2670 1132 2729 renrdcaeisnti·
1187 2672 1252 2743 qrrid
1277 2673 1313 2729 de
1336 2674 1428 2730 meoli
1454 2672 1611 2729 criminibus
1635 2673 1810 2744 attigerimus.
1821 2672 1943 2729 Proinde
1965 2674 1991 2730 si

333 2777 386 2834 que
399 2761 533 2834 negotium
553 2762 639 2833 gessit
651 2763 722 2829 boc,
750 2763 859 2819 nourine
873 2778 988 2835 quorum
1008 2766 1135 2823 sacerdos
1186 2763 1366 2836 Capitolium,
1382 2766 1405 2821 si
1416 2764 1565 2837 Serapeum
1585 2764 1788 2822 sacrificatoret
1806 2763 1935 2822 adorator
1948 2765 1993 2822 in-

334 2863 411 2920 erat,
434 2854 575 2910 daemoniis
595 2864 622 2911 et
645 2856 749 2927 angelis
771 2856 886 2911 scilicet.
908 2856 980 2926 Quot
1002 2857 1083 2928 igitur
1107 2859 1136 2915 in
1187 2865 1312 2926 trarero,
1326 2872 1342 2913 a
1357 2857 1565 2925 lleo‘ercldam,
1591 2857 1819 2930 quenradmodum
1833 2859 1992 2917 circumrel

334 2945 429 3004 babitu
446 2948 498 3004 loci
518 2948 601 3017 ipsius
619 2948 791 3005 idololatrias
814 2951 1005 3021 recognoscis!
1029 2951 1135 3023 singula
1187 2948 1324 3005 theatrum
1342 2958 1487 3021 spectator.
1504 2949 1576 3005 Loca
1595 2964 1646 3005 nos
1664 2963 1719 3005 non
1732 2951 1917 3006 contaminant
1939 2966 1994 3022 per

334 3050 492 3096 ornamenta
515 3041 606 3109 Circi,
631 3042 735 3115 singula
758 3043 859 3111 templa
873 3053 946 3099 sunt.
960 3042 1015 3099 Ora
1037 3043 1135 3100 bonori
1188 3055 1235 3108 se,
1258 3041 1306 3098 sed
1317 3057 1376 3111 quae
1401 3040 1427 3096 in
1455 3041 1521 3097 locis
1544 3040 1631 3108 bunt,
1658 3042 1786 3113 aquibus
1799 3052 1826 3100 et
1847 3043 1913 3114 ipsa
1926 3043 1992 3101 loca

335 3129 476 3189 Castorrrm
500 3132 538 3207 (l)
551 3132 725 3198 adscribunt,
750 3135 794 3206 qui
811 3134 872 3191 illos
896 3148 948 3190 oro
969 3135 1056 3193 editos
1075 3150 1136 3194 cre·
1188 3133 1365 3190 contaminari
1379 3134 1501 3190 altercati
1514 3148 1626 3190 sumus:
1645 3132 1681 3188 de
1695 3133 1881 3190 constaminatis
1893 3142 1992 3191 conta:

334 3224 424 3282 dendo
450 3225 485 3282 de
504 3241 590 3298 cygno
615 3224 682 3282 iore
706 3240 758 3282 non
784 3227 948 3283 erubescunt
963 3224 1012 3301 (c).
1028 3191 1171 3299 llelplti·C
1188 3228 1323 3283 minamur
1347 3225 1417 3301 (11).
1444 3227 1591 3298 Propterea
1611 3234 1702 3283 autem
1722 3240 1990 3297 commemoramus,

335 3332 385 3374 nos
404 3316 529 3390 Neptuno
541 3327 639 3375 rorent
665 3317 725 3392 (d),
740 3318 880 3375 columnas
893 3317 937 3394 (7)
957 3321 1057 3377 sessias
1070 3336 1085 3377 a
1098 3338 1139 3377 ro-
1189 3319 1287 3389 quibus
1298 3318 1431 3390 ejusmodi
1446 3319 1505 3374 loca
1517 3317 1658 3386 dicentur,
1673 3326 1807 3375 uteorum
1821 3317 1991 3376 domonstre·

335 3410 546 3476 ructationibus,
570 3411 685 3469 messias
703 3426 719 3467 a
739 3413 885 3489 caestibus,
910 3414 1039 3471 tutelinas
1059 3430 1074 3471 a
1095 3427 1137 3470 tu·
1189 3427 1249 3469 mus
1263 3426 1345 3481 esse,
1365 3428 1425 3483 quaa
1446 3411 1475 3466 io
1496 3410 1540 3468 lais
1553 3410 1620 3468 lucis
1640 3410 1725 3482 dunt,
1749 3411 1847 3484 quibus
1869 3413 1925 3470 loca
1941 3411 1992 3470 di·

335 3504 392 3559 telis
418 3502 457 3577 (8)
480 3502 616 3559 lructuum
648 3503 794 3560 sustinent.
818 3507 889 3561 brito
909 3505 957 3561 bas
980 3514 1035 3561 tres
1059 3521 1136 3575 arao,
1189 3512 1294 3563 eantur.

944 3612 1136 3681 tentiones
1154 3621 1362 3680 vsfflnnrtts.

367 3729 392 3790 r
421 3728 874 3854 arsrrraaaraaaa
887 3791 958 3846 m
1229 3735 1255 3863 tt
1271 3735 1509 3850 trnrrr
1522 3736 1578 3803 r·
1835 3746 1841 3751 ·

367 3790 394 3963 (ξ
419 3852 583 3925 Putaremnn
595 3852 650 3921 ltig.
663 3854 694 3906 Et
705 3862 733 3906 ut
771 3862 802 3907 et.
816 3855 913 3907 Giomm
1038 3878 1041 3888 ·
1217 3861 1253 3926 (9)
1268 3861 1360 3934 11υιιιι
1370 3874 1470 3926 quoque
1482 3862 1508 3913 id
1518 3861 1576 3914 olim
1587 3861 1848 3916 tentamentorum.
1859 3861 1992 3928 tuasque

376 3976 392 4026 δ
420 3914 691 4043 giifflimatertnip.
1185 3928 1473 4050 quiliiyiiuminadtut.

358 4036 393 4103 (6
419 4039 572 4101 argutantur
582 4038 655 4103 plane
666 4042 727 4091 lun.
1215 4049 1268 4112 (tt)
1284 4048 1484 4101 contaminantur
1491 4045 1547 4115 big.

1016 4146 1298 4215 continuabimus.

334 4281 534 4332 armamatam,
557 4275 588 4324 ut
610 4266 655 4323 alli
680 4266 820 4337 scribunt)
841 4267 936 4324 lurnius
959 4268 993 4325 ab
1007 4269 1127 4338 essedo,
1217 4271 1258 4344 (dl
1278 4270 1674 4343 belplriaotlleptrnommrnt
1694 4272 1900 4331 conturmalis
1923 4274 1991 4336 Sat.

334 4338 454 4408 pilento,
471 4338 596 4407 petoritu,
612 4338 674 4409 qnia
688 4338 732 4393 alii
743 4337 911 4395 conlundunt
922 4356 983 4397 cnm
998 4341 1062 4396 illis.
1078 4344 1129 4397 ait·
1181 4343 1210 4399 u.
1225 4342 1342 4400 Consulit
1354 4354 1413 4399 ante
1425 4344 1504 4415 [ulna.
1519 4343 1750 4416 delphinorumque
1757 4346 1903 4401 columnas.
1916 4346 1995 4477 segg

334 4425 387 4479 quic
399 4423 460 4465 esse
475 4409 582 4478 proprie
595 4420 697 4466 rectem
710 4411 902 4478 gestatorium,
918 4411 963 4481 uni
985 4426 1067 4482 opera
1082 4411 1130 4468 bo·
1183 4414 1275 4471 timius
1290 4415 1430 4470 columnas
1455 4414 1521 4471 dicit
1540 4429 1651 4471 uomere
1673 4414 1836 4486 delphinos,
1859 4417 1936 4487 quan

333 4480 436 4535 minum
460 4479 600 4535 tolleretur
612 4482 734 4535 manibus
756 4480 928 4549 numerisve,
944 4482 977 4536 ad
992 4500 1053 4538 curn
1073 4499 1131 4538 mo·
1181 4484 1367 4542 columnarum
1381 4486 1448 4542 alris
1468 4486 1600 4553 emissos,
1617 4494 1709 4559 utper
1723 4487 1803 4546 tubos
1818 4487 1987 4546 eternales.

333 4551 413 4617 tlunr,
429 4566 483 4622 quo
497 4550 571 4605 selbo
584 4550 736 4619 gestatoria
748 4552 818 4617 aputl
834 4552 1009 4618 Snenmium,
1024 4564 1050 4610 et
1064 4554 1129 4618 ,lee-
1182 4555 1242 4615 Rue.

334 4624 399 4706 titre·
417 4621 487 4694 apud
498 4621 648 4704 ¹Senecam.
665 4621 736 4692 Ergo
761 4621 942 4707 Tertullianus
951 4640 970 4708 ‘a
983 4625 1128 4709 curribus,
1220 4648 1257 4719 (e)
1278 4646 1388 4704 (geg-“5
1403 4649 1550 4704 emmim
1568 4648 1671 4706 001,oe
1685 4648 1846 4706 ppinpnsflg·
1861 4650 1906 4708 33·
1919 4665 1990 4726 ΜΡ.

333 4710 379 4764 qtrt
390 4691 683 4792 gttuteuttsagebantur,
696 4693 890 4776 alhettststputc
902 4693 1021 4757 turribus,
1035 4705 1132 4778 transit
1182 4720 1211 4775 9·
1227 4719 1251 4775 13
1264 4729 1354 4775 aulem
1367 4721 1524 4787 obeliscum
1537 4721 1623 4791 inquit
1634 4761 1642 4785 ‚
1655 4735 1735 4791 quem
1751 4722 1832 4778 ppvus
1845 4724 1989 4794 pugnum

332 4764 368 4819 ad
383 4763 587 4827 lrarmamaxrs,
600 4780 660 4833 rprm
675 4763 795 4820 ilumeris
808 4766 970 4821 tollebantur
992 4766 1027 4821 ab
1042 4767 1131 4820 bomr·
1184 4791 1211 4846 (ῃ
1226 4791 1304 4846 cm„
1319 4806 1415 4862 magn„
1426 4791 1534 4854 statuit,
1547 4791 1680 4848 excisus,
1696 4806 1760 4861 ,ege
1772 4792 1989 4861 gemmeo·

335 4835 707 4961 plilnrspitaLatctestantibus
730 4834 848 4891 studium
869 4853 946 4892 suurn
967 4852 1030 4908 erga
1054 4852 1131 4893 sacra
1183 4866 1384 4932 quomam
1406 4861 1489 4935 plum
1510 4878 1570 4916 ms
1593 4864 1619 4917 ω
1643 4854 1993 4934 ΕΜΙΜΜ
2082 4858 2089 4869 .

359 4921 483 4961 ncetrna.
522 4924 565 4960 r.
1357 4928 1412 4943 ...s
1444 4926 1455 4935 .

369 4975 409 5045 (a)
430 4975 506 5031 iliius
521 4976 629 5031 urbisin
646 4992 697 5044 prro
714 4977 898 5032 demoniorum
918 4985 1054 5034 conuentus
1067 4994 1130 5033 con-

332 5048 408 5103 sedit.
420 5047 533 5102 llrtrnam
545 5056 572 5099 ot
588 5046 746 5116 Capitolium
758 5047 899 5117 significat.
922 5050 955 5103 Et
966 5049 1128 5121 Capitolium

334 5118 443 5187 rpndcm
460 5117 487 5171 in
501 5116 614 5188 Apolog.
628 5131 688 5186 pag.
713 5118 739 5173 l.
753 5117 861 5174 Curiam
874 5119 990 5175 Deorum
1001 5136 1060 5176 esse
1071 5122 1126 5186 ait,

335 5190 380 5244 ubi
406 5188 509 5243 scilicet
533 5187 650 5243 Drorunr
664 5189 800 5260 synodus,
817 5189 939 5261 ejusdem
960 5190 1128 5263 apologetici
1216 5187 1251 5259 ll)
1279 5188 1406 5243 Marciam
1438 5189 1506 5243 enim
1535 5188 1610 5244 deam
1636 5191 1778 5256 remearis,
1805 5189 1856 5260 leg.
1883 5188 1919 5245 lt·
1981 5234 1994 5250 .

332 5259 510 5329 cap.d.iltu.
788 5281 793 5291 ·
1181 5260 1344 5330 Augustinus
1366 5274 1401 5313 tv.
1417 5259 1450 5315 de
1463 5259 1543 5315 Cirit.
1571 5259 1634 5324 Dei,
1657 5275 1716 5332 cap.
1732 5260 1776 5317 id.
1802 5260 1887 5317 Deattt
1939 5279 1994 5320 ttr-

369 5331 410 5400 (1))
433 5328 487 5383 Ouo
500 5329 591 5385 leonori
611 5329 770 5385 Castrorum.
786 5329 876 5401 Spatia
891 5331 1084 5390 curriculorum
1099 5334 1126 5389 in
1178 5332 1246 5386 ciam
1273 5339 1453 5392 rocaverunt,
1486 5345 1547 5401 pure
1582 5341 1682 5402 praeter
1710 5329 1820 5386 modum
1843 5349 1898 5387 non
1925 5344 1997 5395 m·

331 5401 405 5457 circo
418 5402 476 5456 oris
492 5409 582 5456 notata
596 5399 679 5456 inisse
694 5417 726 5455 et
747 5401 842 5469 Lirin,
859 5403 960 5468 llioue,
982 5414 1009 5459 et
1020 5404 1127 5459 Cassio·
1180 5411 1265 5465 reret,
1282 5417 1314 5457 ac
1329 5401 1430 5457 iaceret
1442 5400 1626 5457 nonrtncmor
1636 5402 1674 5456 ait
1687 5402 1852 5472 Peinponins
1862 5442 1871 5470 ,
1883 5405 1993 5463 mm

331 5471 399 5528 doro
413 5472 514 5538 prinms
527 5474 665 5527 annotarit
679 5472 798 5528 ¹alciatus
813 5474 859 5529 lib.
874 5475 902 5529 1.
918 5475 1050 5547 Parergon
1062 5490 1123 5547 cap.
1179 5474 1268 5537 dunt,
1292 5473 1317 5527 id
1337 5482 1395 5533 est.
1420 5473 1499 5527 nimis
1530 5471 1714 5537 desidiosum,
1734 5481 1762 5529 et
1797 5474 1991 5535 inactuosa..

332 5544 379 5599 nlt.
391 5543 539 5611 Quinetiam
550 5543 643 5597 alludit
655 5542 741 5599 Varro
753 5544 787 5598 de
798 5561 827 5599 re
838 5546 936 5601 rustica
951 5545 997 5600 lib.
1012 5547 1038 5603 1.
1055 5546 1124 5603 Part.
1179 5545 1241 5600 ltro.
1260 5574 1296 5585 -
1311 5542 1439 5598 Marcium
1458 5541 1541 5598 Deam
1565 5544 1670 5597 notoria.
1690 5543 1834 5614 insigniter
1853 5545 1872 5599 d

366 5614 404 5685 (ι)
425 5613 476 5680 Qui
490 5614 549 5668 illos
567 5630 613 5668 ooo
634 5615 715 5668 editos
739 5617 882 5679 rr'edcudo,
906 5618 938 5670 de
960 5634 1038 5688 egcrro
1061 5617 1125 5671 ioue
1178 5615 1319 5671 Trrrnebns
1333 5616 1380 5669 lib:
1394 5614 1440 5670 11.
1453 5617 1515 5669 adr.
1532 5628 1556 5670 e.
1569 5615 1668 5685 li,qui
1683 5614 1763 5685 legit:
1778 5612 1999 5677 Martiarum·

1185 4933 1279 5001 uiginti
1302 4933 1420 5003 utringue
1442 4948 1476 5002 pe
1496 4948 1540 4987 rrm
1560 4942 1587 4988 et
1613 4933 1754 4988 dodrantis
1776 4941 1874 5004 prester
1896 4934 1992 4993 basim

1186 5003 1307 5073 ejusdem
1325 5003 1429 5073 lapidis.
1443 5004 1468 5058 ls
1481 5017 1546 5060 roro
1555 5004 1598 5075 qrri
1611 5016 1653 5059 est
1674 5004 1700 5058 in
1715 5019 1812 5075 campo
1823 5004 1919 5062 blartiu
1933 5020 1992 5063 no-

1187 5089 1246 5129 rem
1261 5074 1374 5144 pedibus
1387 5075 1503 5129 minora
1518 5073 1680 5130 Sesostride.
1699 5074 1766 5130 Part.

331 5700 382 5737 non
396 5683 554 5736 erubescunt.
568 5684 613 5740 Sic
624 5683 706 5739 babet
721 5697 796 5743 relus
821 5689 958 5755 cscrnplar
971 5688 1123 5758 bgolrardi,
1177 5686 1259 5740 Deam
1274 5685 1418 5750 rnnrmoria,
1439 5685 1510 5757 qrrrrd
1535 5700 1596 5740 curn
1622 5685 1739 5740 itrstdens
1765 5684 1805 5740 illi
1832 5685 1991 5817 view

331 5755 382 5806 nisi
397 5753 467 5821 quod
478 5754 607 5823 syllabam
619 5756 872 5823 genrioarit,decna
883 5774 980 5830 rpgao,
996 5758 1068 5831 quoii
1083 5768 1126 5815 est
1176 5758 1289 5827 corrigit
1313 5754 1394 5809 Decor
1414 5757 1548 5823 stercoris,
1564 5757 1655 5825 attone
1680 5764 1833 5824 spectatura
1853 5756 1890 5815 ad
1987 5798 1994 5811 .

333 5821 365 5874 de
377 5837 474 5891 cocao,
490 5823 546 5882 sire
559 5824 591 5879 de
601 5841 690 5895 eptae.
706 5826 767 5884 ibo.
1176 5826 1299 5899 segnium
1307 5824 1430 5884 ilurtiam
1440 5829 1518 5899 cujum
1526 5828 1648 5885 meminit
1659 5825 1881 5889 proclinatam
1890 5824 1995 5905 lq*
