4242 6259
171 331 229 395 aar
741 330 1259 395 ntssnaruatooaaaouanr.
1777 307 1831 404 ars

172 450 307 525 exemphs
319 465 336 508 a
348 447 507 508 dirextadls
518 448 731 524 torquendisque
741 448 902 507 Christianis
914 463 980 506 auo-
990 447 1018 510 A
1029 450 1147 508 versiam
1162 466 1223 509 esse
1234 450 1341 509 videtur
1350 452 1442 525 plures
1451 461 1530 510 antea
1539 453 1598 511 neci
1607 455 1689 513 luisse
1703 456 1828 520 traditos.

175 555 260 603 carot.
288 579 292 594 ·
459 545 463 552 '
1029 539 1133 599 Sensus
1143 542 1234 614 itaque
1249 542 1406 602 Tertulliani
1418 554 1461 602 est
1475 545 1643 604 Christianos
1660 549 1735 621 prius
1749 567 1765 608 a
1779 551 1832 609 Sa·

213 638 293 696 Plura
307 646 397 694 autem
409 635 453 694 hic
464 636 622 694 lihcrnuhis
636 637 792 710 suppeditat
806 646 977 711 argumenta,
1030 637 1158 705 taraiuo,
1176 651 1256 708 quara
1278 637 1416 694 Hilariano
1440 641 1635 709 excruciatos,
1658 656 1691 699 ac
1714 644 1830 713 proinde

176 734 273 807 quihus
296 732 372 790 illum
394 742 456 805 post
481 741 605 791 exortam
635 734 729 791 Seueri
757 735 928 807 imperatoris
950 734 978 790 ia
1029 727 1438 789 iltumtoirecenseuaenlrtce
1454 730 1596 803 praelectas
1615 731 1831 793 Christianarum

176 823 344 883 Christianos
376 825 592 897 persecutionem
624 826 756 898 scriptum
788 825 874 882 luisse
912 824 978 881 satis
1031 821 1189 892 carnifices,
1205 839 1259 880 noa
1274 825 1350 895 sequi
1365 835 1517 897 temporum
1532 826 1669 884 ordinem.

178 926 271 990 aperte
280 917 433 975 coniicitur.
445 916 633 987 Quorumdam
646 920 720 976 eadm
736 919 772 976 ihi
789 929 977 992 proponuntur
1065 913 1151 972 llinus
1163 915 1244 988 igitur
1264 925 1339 974 certa
1351 917 1458 975 uidetur
1479 919 1587 977 illorum
1600 922 1709 995 opinio,
1724 925 1771 997 qui
1784 940 1830 982 ar·

178 1012 299 1082 erenph
312 1011 476 1082 prastaam,
489 1012 536 1085 qni
547 1027 608 1069 cum
620 1028 668 1085 per
683 1012 710 1070 id
721 1021 827 1084 tempus
845 1012 977 1070 Christia-
1029 1005 1121 1063 hitrati
1140 1018 1204 1064 sunt
1221 1007 1344 1066 Cincium
1369 1010 1517 1081 Seuerum,
1538 1011 1719 1085 Vespronium
1733 1015 1833 1074 Candi-

179 1117 230 1159 nas
261 1102 344 1160 uariis
366 1104 507 1176 suppliciis
527 1103 702 1173 affecissent,
731 1106 899 1163 crudelitatis
922 1119 979 1162 suae
1029 1099 1113 1168 dura,
1141 1101 1274 1173 Asperum
1299 1117 1331 1159 ac
1351 1102 1500 1161 Pudentem
1523 1105 1833 1166 illdamu'ruurunianu

179 1195 336 1267 planasiam
348 1195 491 1253 dederant.
502 1196 544 1253 lllt
555 1196 694 1254 Hilariano
705 1185 797 1254 autent
816 1198 856 1254 sic
868 1198 978 1256 Tertul-
1030 1203 1123 1250 austro
1136 1204 1197 1265 past
1208 1194 1374 1252 hilarianum
1390 1196 1602 1254 etSatarniaam
1616 1200 1711 1256 eadem
1734 1200 1831 1259 ordina

178 1288 267 1346 lienus
280 1288 408 1346 orditur:
429 1291 485 1348 Sui
502 1289 642 1347 Hilariano
654 1292 772 1364 praeside,
787 1308 847 1348 cum
860 1293 893 1348 de
910 1294 979 1349 arar
1030 1285 1175 1356 itt'ltlellalls
1202 1301 1256 1359 qua
1280 1288 1463 1359 unusquisque
1492 1291 1635 1359 praecursui
1661 1290 1760 1348 Aiuicae
1779 1294 1830 1350 tuit

178 1384 370 1454 sepulturarum
382 1393 529 1441 aotlraram
541 1384 726 1441 acclamassent
740 1385 834 1442 :dacae
846 1403 899 1442 aaa
914 1387 977 1451 st'ul,
1030 1376 1196 1451 (Tertullt'am
1225 1380 1268 1435 lid.
1294 1382 1329 1435 ad
1350 1380 1457 1454 Scapul.
1480 1398 1538 1454 cap.
1559 1383 1600 1455 l).
1617 1383 1682 1440 Nam
1703 1384 1754 1442 hus
1768 1385 1830 1443 ideo

178 1493 248 1534 area
272 1479 386 1552 ipsorum
411 1495 462 1534 aon
489 1481 607 1550 sumatur,-
635 1495 728 1535 arerem
756 1482 824 1533 euim
847 1494 908 1534 auus
928 1495 979 1534 pau
1031 1471 1830 1558 courmernoral,quiataatomitiusinchristianusegerunt,

178 1581 285 1643 eperum
310 1562 429 1643 (Tertalj
454 1571 499 1627 aa.
521 1571 557 1626 ad
579 1570 688 1645 Scapul.
713 1588 773 1644 cap.
800 1570 978 1645 attollere
1030 1573 1133 1636 quanto
1156 1564 1194 1620 illi
1209 1565 1355 1622 crudelius.
1367 1564 1422 1621 Cur
1432 1575 1522 1622 autera
1536 1579 1686 1639 temporum
1706 1570 1829 1627 ordinem

178 1661 252 1721 haud
272 1678 382 1735 prorsus
404 1664 495 1736 inepta
519 1664 646 1721 antithesi
678 1681 766 1720 aream
799 1666 857 1722 siue
892 1666 979 1724 locum
1027 1657 1335 1715 ·⁸0liiS⁵ed5001⁰lll⁰S
1350 1659 1449 1730 petius,
1464 1660 1621 1732 humidos
1648 1662 1833 1718 nvmintndll?
1884 1709 1889 1726 .

179 1769 309 1822 curruum,
323 1764 370 1811 uus
384 1770 510 1826 campum
525 1756 663 1824 steritem,
680 1759 707 1812 jn
721 1771 775 1829 quo
788 1758 888 1814 monui
903 1773 981 1830 sepe.
1033 1751 1073 1807 ad
1088 1752 1146 1808 hacc
1165 1752 1396 1821 vero,duhitandi
1413 1753 1488 1810 lucus
1514 1763 1557 1811 est
1578 1766 1667 1811 utrum
1681 1754 1709 1812 hi
1735 1754 1834 1812 Africae

181 1844 332 1914 liehautur,
347 1847 540 1918 appeutrarea
553 1889 561 1914 ,
576 1847 603 1905 ia
618 1862 671 1920 qua
697 1847 788 1921 fruges
811 1857 935 1906 teruntur
954 1860 983 1908 et
995 1838 1020 1900 lt
1034 1842 1135 1901 luerint
1156 1844 1305 1916 praesidem
1333 1846 1435 1904 etenim
1459 1847 1595 1904 llilariane
1619 1858 1647 1905 et
1665 1849 1827 1915 Saturnino,

182 1937 363 1995 excutiuntur.
379 1936 455 1994 Dixit
468 1937 559 2011 itaque
571 1954 626 2011 que
638 1949 762 2010 tempore
771 1939 862 1997 acrius
880 1942 983 1998 ethuici
1033 1935 1177 1993 dirissimis
1191 1937 1404 1996 Christianorum
1430 1940 1591 2010 tertoribus,
1604 1941 1743 2012 subiunxit
1754 1940 1836 1998 Clau-

181 2029 326 2087 currebam
339 2028 367 2087 in
384 2030 555 2088 Christianos
575 2030 816 2103 acclamahautqae
832 2032 982 2104 negandam
1033 2025 1108 2082 diunt
1122 2028 1324 2086 deformitatum
1336 2029 1514 2104 cappadocie
1538 2031 1703 2103 praelectum.
1718 2033 1747 2090 si
1768 2037 1829 2104 qais

184 2120 219 2177 ad
229 2120 289 2178 illos
298 2121 469 2193 sepeliendas
481 2137 591 2192 aream,
611 2132 668 2179 tum
689 2121 787 2179 iisdem
805 2121 921 2180 ethnicis
933 2122 983 2181 de·
1034 2120 1284 2178 tameuahauctorc
1294 2131 1389 2177 nostro
1401 2137 1493 2178 acram
1506 2122 1613 2178 illorum
1627 2121 1761 2179 indlricae
1772 2117 1833 2195 pro·

181 2214 265 2272 luisse
278 2229 382 2272 messes
400 2224 428 2273 et
451 2214 606 2286 frumenta,
628 2230 690 2287 qaae
704 2214 761 2271 sais
776 2216 802 2271 in
824 2215 897 2271 areis
912 2224 983 2273 tere-
1034 2211 1191 2269 consulatus
1200 2215 1400 2272 successionem
1411 2214 1532 2271 exhiheri
1544 2215 1706 2287 probaverit,
1721 2216 1831 2275 eihand

182 2316 251 2364 root.
266 2306 358 2364 Palam
377 2317 469 2364 autera
492 2308 591 2364 asserit
613 2306 683 2363 ham
705 2305 877 2365 sterilitatem
896 2308 985 2364 coruli·
1035 2302 1111 2359 inuiti
1125 2305 1316 2363 assentiemur.

182 2399 344 2472 gisamanot
357 2398 510 2456 hilarianus
526 2398 624 2456 hiricre
637 2415 739 2472 praeses
763 2408 835 2456 erat.
856 2400 937 2471 lltqni
950 2415 984 2457 cs
1071 2397 1202 2454 Ceterum
1213 2398 1258 2455 ille
1268 2399 1327 2456 haec
1336 2399 1540 2459 clementiarum
1551 2405 1695 2475 presulum
1705 2407 1829 2478 exempla

182 2491 259 2549 detis
268 2499 423 2549 sanctarum
438 2501 587 2565 martyrum
602 2491 745 2563 Perpetuos
757 2501 785 2548 et
810 2489 981 2559 Felicitatis,
1034 2489 1233 2563 anteScapulae
1253 2494 1414 2551 oculosaon
1433 2497 1512 2552 aliam
1526 2497 1562 2553 ah
1584 2513 1692 2554 cuasam
1716 2501 1827 2571 posuit,

181 2601 243 2656 oum
259 2595 384 2657 unquam
400 2599 466 2641 uera
479 2584 631 2657 etgcuuiaa
644 2600 659 2640 a
672 2584 811 2656 pluribus,
830 2599 862 2640 ac
875 2583 983 2641 madeat
1034 2585 1087 2641 nisi
1101 2586 1164 2657 quta
1176 2586 1275 2644 atriae
1290 2588 1418 2659 praesides
1433 2602 1493 2660 post
1509 2590 1583 2664 leges
1604 2592 1837 2651 advenuschrts-

182 2677 442 2744 aBollaadisociis,
457 2684 590 2733 etnastm
602 2676 773 2733 Theoderico
794 2675 925 2733 lluinarto
940 2685 983 2748 ty·
1034 2675 1123 2732 tiaaos
1157 2693 1173 2733 a
1203 2677 1305 2736 severe
1338 2680 1508 2751 imperatore.
1553 2684 1670 2739 sancitas
1706 2685 1733 2740 in
1768 2685 1830 2742 illos

183 2772 223 2844 pis
233 2771 304 2829 edita
322 2781 403 2840 snm,
425 2769 555 2826 disciturus
577 2767 626 2824 has
648 2768 836 2824 sanctissimas
852 2777 984 2842 martyres
1034 2769 1157 2828 acernias
1179 2768 1303 2827 furebant
1329 2781 1357 2828 et
1378 2772 1578 2831 bacchabantur
1601 2773 1683 2848 (loia.
1708 2751 1766 2850 dap.
1783 2778 1830 2849 ὅ).

182 2866 276 2925 bestiis
305 2863 442 2937 expositas
456 2861 625 2934 luissejussa
639 2862 765 2918 hilariani
778 2862 982 2934 procuratoris:
1034 2859 1137 2918 Praeter
1153 2862 1277 2933 praelatos
1304 2864 1437 2935 siquidem
1458 2865 1631 2923 Saturninum
1654 2877 1683 2925 et
1708 2869 1823 2926 Hilaria-

184 2957 233 3026 Qui
245 2967 305 3014 tuac
316 3000 324 3025 ,
336 2957 407 3014 sicut
430 2956 466 3013 ihi
480 2956 600 3028 legitur,
616 2956 673 3012 lara
696 2953 868 3011 Proconsulis
878 2953 984 3009 lliuatii
1035 2967 1117 3022 num,
1133 2954 1247 3024 ipsemet
1268 2955 1401 3028 Scapula,
1415 2958 1485 3013 sicut
1511 2968 1607 3016 atrclor
1620 2969 1713 3018 noster
1731 2961 1832 3020 ibidem

184 3048 314 3106 Firmiaai
334 3049 448 3122 defuncti
469 3050 516 3122 jur
537 3048 620 3121 pladii
636 3058 771 3121 acceperut
797 3047 981 3121 (halinardi.
1034 3046 1210 3112 restillcatar,
1231 3063 1284 3104 nun
1307 3048 1388 3106 modo
1412 3050 1613 3108 Adrumeticum
1634 3052 1770 3110 Masillam
1796 3056 1832 3110 ad

181 3141 292 3217 llartpr.
306 3161 366 3216 pap.
378 3143 441 3201 aaa.
457 3153 481 3200 et
494 3159 564 3215 sepa.
586 3142 710 3199 Raiaart.
721 3141 780 3196 Act.
797 3141 910 3212 llurtpr.
923 3156 982 3210 cap.
1035 3138 1135 3197 hestiae
1147 3139 1342 3211 damnaveram
1357 3142 1405 3200 sed
1419 3143 1509 3201 Airica
1518 3147 1599 3201 etiam
1614 3146 1761 3204 christiana
1772 3148 1832 3221 ipso

180 3237 226 3295 85.
241 3246 265 3294 el
278 3238 372 3311 ceap).
387 3236 500 3305 Quidam
512 3245 602 3292 antem
616 3244 716 3308 putant
728 3250 775 3292 eas
789 3232 921 3307 martyria
935 3228 1019 3293 co·C
1035 3246 1089 3290 aon
1102 3232 1263 3304 cohibente,
1285 3244 1332 3292 aut
1342 3234 1474 3308 jubente,
1500 3234 1628 3306 oiaaaia,
1644 3239 1747 3311 inqrrit,
1762 3242 1833 3313 facta

179 3327 524 3398 rortatasauaohlfflahi,
538 3327 604 3396 2053
618 3328 673 3398 alii,
696 3326 762 3396 205,
785 3337 982 3399 postcommo·
1033 3335 1071 3381 est
1094 3327 1318 3398 concursionibus,
1343 3339 1367 3384 et
1396 3329 1506 3385 utilitum
1531 3332 1693 3388 inimicarum
1728 3350 1835 3390 auarum

182 3431 237 3476 tam
251 3420 343 3492 procul
353 3419 570 3479 duhioaSevero
583 3419 747 3492 imperatore
756 3419 981 3491 persecutionem.
1033 3418 1157 3490 caiusque
1185 3416 1278 3491 (laid.
1302 3436 1360 3489 cap.
1384 3421 1425 3492 l).
1458 3421 1586 3490 Quamvis
1607 3433 1698 3481 autern
1718 3424 1834 3484 definire

180 3514 222 3571 lic
236 3513 369 3585 Perpetua
382 3528 464 3586 porra
473 3512 532 3571 haec
545 3514 604 3585 ipse
617 3511 802 3570 Tertullianus
823 3511 879 3568 alio
900 3511 927 3568 ia
949 3510 982 3568 li·
1034 3525 1088 3567 aon
1124 3511 1278 3583 possimus,
1314 3527 1368 3585 quo
1407 3512 1511 3585 praelati
1550 3517 1725 3586 proconsules
1764 3533 1838 3573 anno

178 3606 231 3664 hro
245 3607 382 3664 memorie
394 3607 546 3667 mandauit:
559 3606 700 3678 Perpetua,
719 3607 860 3680 fortissima
872 3615 980 3677 atartpr,
1032 3603 1151 3661 Africam
1165 3607 1302 3674 rexeriat3
1317 3622 1352 3662 ex
1365 3605 1496 3664 hactenus
1510 3617 1600 3666 amen
1615 3610 1758 3681 disputatis
1773 3612 1836 3668 col·

179 3700 226 3755 aad
250 3700 292 3755 alie
318 3701 443 3772 patriaris
467 3700 496 3756 ia
517 3700 669 3756 revelatione
698 3699 812 3770 paradisi
834 3698 903 3754 sales
927 3697 982 3752 illic
1034 3696 1081 3770 ligi
1096 3705 1185 3769 petest
1197 3696 1269 3754 hanc
1281 3697 1315 3755 ad
1328 3697 1471 3770 Scapulam
1485 3700 1583 3757 librum
1607 3702 1709 3759 editum
1724 3702 1835 3761 luissea

179 3805 362 3869 carantartprcr
385 3795 447 3851 uidit
473 3792 566 3868 (lert.
586 3795 631 3850 llo.
658 3793 690 3849 dc
712 3793 800 3849 daim.
829 3808 889 3862 cap.
922 3789 981 3863 55).
1034 3786 1203 3846 ‘lertnlttane
1215 3797 1277 3858 pest
1288 3799 1478 3847 commotama
1492 3791 1596 3850 Severo
1607 3793 1776 3865 imperatore
1787 3796 1837 3852 ad·

181 3888 481 3961 hiscimusqnouueah
494 3886 718 3960 augustinumin
734 3885 805 3942 illius
817 3894 845 3940 et
859 3883 983 3939 Felicita-
1035 3878 1311 3949 tersuschaistianos
1325 3884 1550 3954 persecutionem.

182 3979 327 4052 tissaepius
351 3981 519 4037 mentionem
543 3978 624 4045 lacit,
638 3977 777 4049 utriusque
799 3976 897 4033 iustum
912 3974 984 4032 diem
1071 3972 1264 4045 inquirendum
1291 3975 1373 4047 igitur
1394 3988 1518 4048 superest
1544 3985 1633 4035 utrum
1655 3981 1747 4038 statim
1775 3992 1838 4055 post

183 4072 327 4143 quotannis
340 4072 368 4129 ia
384 4071 476 4131 dirica
496 4071 672 4129 celebratura.
694 4069 789 4126 Nonne
805 4079 895 4126 autem
921 4065 985 4124 inde
1036 4066 1182 4123 cxcitatum
1205 4077 1252 4123 aut
1276 4069 1439 4125 exstinctum
1466 4070 1538 4127 illias
1565 4072 1720 4129 incendium
1746 4074 1837 4132 editus

183 4164 359 4237 satisliquido
372 4165 515 4222 coniicitur
531 4166 579 4221 has
594 4165 620 4220 ia
639 4162 729 4220 hir-ica
745 4162 862 4235 palatum
890 4161 985 4218 tulisse
1036 4158 1128 4215 luerit.
1140 4160 1254 4228 Quidam
1269 4172 1359 4218 autem
1373 4157 1519 4233 opinantur
1531 4163 1607 4222 illurn
1621 4167 1648 4221 in
1663 4168 1759 4240 vulgus
1770 4186 1836 4241 pra·

187 4260 326 4332 martyrii,
340 4274 402 4315 cum
416 4259 452 4316 ihi
467 4259 621 4315 llilarianus
633 4258 802 4329 proconsulis
816 4256 906 4314 allucio
922 4256 985 4312 lun·
1036 4251 1120 4309 diisse
1134 4260 1194 4323 post
1207 4268 1306 4307 artuum
1329 4252 1384 4310 210
1406 4263 1433 4309 et
1456 4254 1549 4311 Severi
1566 4256 1739 4327 imperatoris
1763 4277 1837 4317 ntor-

182 4362 290 4424 geretur
318 4351 464 4426 (depastio.
481 4368 558 4410 scrut.
572 4351 625 4409 280
645 4360 669 4406 cl
689 4367 759 4424 sepa.
786 4368 845 4424 pap.
870 4350 941 4412 list
962 4357 986 4404 et
1038 4353 1103 4399 tem.
1119 4343 1299 4428 Tertullianus
1317 4346 1418 4402 etenim
1434 4348 1470 4403 ihi
1489 4348 1524 4404 de
1537 4350 1673 4419 quadarn,
1690 4353 1835 4425 iuqaiunt,

183 4443 276 4519 “li-l·
1037 4436 1104 4492 solis
1116 4435 1208 4508 eclipsi
1226 4436 1297 4492 itanc
1309 4437 1430 4508 loquitur
1443 4438 1469 4494 ia
1483 4438 1593 4495 artadum
1605 4458 1613 4498 z
1629 4442 1677 4497 Sol
1689 4442 1716 4496 ia
1727 4457 1837 4496 coacen-

222 4539 320 4594 Poslea
338 4538 546 4596 Tertullianus:
565 4536 860 4612 VipiliasSaturairrua,
881 4534 984 4606 inquit,
1039 4539 1067 4585 ta
1090 4528 1213 4596 Uticensi,
1228 4529 1353 4585 exstincte
1376 4547 1440 4602 pene
1463 4532 1575 4599 landae,
1603 4533 1666 4588 adeo
1691 4544 1836 4605 portentum

181 4632 228 4702 pai
245 4632 342 4701 pmaara
365 4633 406 4688 hic
429 4634 543 4706 placium
566 4635 593 4688 ia
618 4648 665 4688 aas
691 4631 757 4703 epil,
780 4629 878 4685 lamiae
901 4619 1024 4684 amisitD
1036 4626 1104 4697 fuit,
1118 4635 1145 4679 at
1159 4641 1211 4679 aaa
1223 4627 1334 4696 patuerit
1357 4643 1390 4681 aa
1411 4627 1542 4683 ordinaria
1555 4627 1666 4699 deliquio
1693 4629 1741 4685 iaec
1760 4632 1837 4700 pati,

183 4723 192 4794 l
205 4720 317 4779 Tertull.
345 4723 390 4780 tte.
424 4726 458 4780 ad
483 4725 593 4798 Scapul.
626 4742 684 4796 cap.
713 4724 754 4795 3).
782 4724 817 4778 tt
840 4720 985 4778 huacesse
1037 4719 1176 4792 puellaria
1194 4734 1240 4774 suo
1261 4718 1411 4791 irppremate
1431 4728 1456 4774 et
1482 4719 1612 4775 doaricilia
1627 4720 1833 4797 lliid.cap.3).

182 4816 339 4873 existimant
360 4816 460 4874 lliricm
485 4817 689 4890 proconsulem,
706 4815 752 4887 qui
771 4831 842 4872 anau
863 4814 928 4882 200,
944 4814 985 4871 tel
1036 4813 1073 4867 Α)
1098 4809 1172 4879 lraec,
1198 4810 1275 4866 aiunt
1297 4810 1352 4880 illi,
1377 4810 1488 4882 eclipsis
1513 4811 1611 4868 accidit
1638 4828 1710 4869 arana
1733 4814 1836 4873 Christi

183 4910 253 4966 sieut
267 4912 326 4967 aliis
342 4911 441 4983 placet.
454 4911 510 4970 illi
524 4910 685 4983 Carthagine
699 4908 841 4981 Speratum
863 4907 986 4977 aliosque
1036 4903 1108 4971 alt,
1131 4903 1272 4961 undecima
1296 4904 1391 4977 a‘prilis
1425 4903 1486 4972 die,
1512 4905 1632 4976 horaque
1667 4906 1723 4976 ipsa
1752 4908 1835 4965 meri·

183 5001 484 5076 Scillitaaosmartpres
499 5002 747 5074 capitedamnatit.
762 5000 828 5057 Nam
842 4998 901 5055 hrec
915 4998 986 5054 litte·
1035 4994 1127 5066 dia-aa.
1153 4994 1207 5051 Sed
1233 4994 1294 5051 aliis
1326 4994 1436 5053 omnino
1463 4995 1589 5051 vacillare
1613 4994 1721 5051 uidetur
1749 5007 1835 5053 toturn

182 5094 221 5151 ris
236 5096 396 5169 consignata
407 5095 522 5168 legimus
535 5096 561 5152 in
575 5090 670 5153 ea'rum
685 5094 806 5167 martyrii
818 5095 900 5160 actis,
924 5106 985 5163 attae
1036 5087 1117 5160 lustjus
1139 5087 1275 5161 opinionis
1301 5088 1517 5144 laudamentum.
1532 5087 1645 5144 Solitam
1666 5088 1767 5159 quippe
1794 5088 1832 5144 illi

183 5188 567 5260 ranuuamaeraetsineeraa
590 5188 706 5245 Baronio
722 5187 900 5260 primum,ac
923 5199 986 5241 nos·
1038 5188 1135 5237 natant
1155 5181 1221 5236 salis
1245 5178 1580 5253 eclipsim;,lertulltauus
1595 5194 1661 5236 vero
1674 5180 1755 5236 aliam
1777 5195 1839 5236 om·

184 5289 228 5337 tro
250 5280 349 5338 deinde
370 5281 504 5338 lluinarte
526 5292 603 5339 aucta
624 5291 652 5338 et
672 5280 832 5347 emertdata,
851 5277 986 5351 publicata
1039 5274 1107 5340 aino
1126 5273 1390 5341 extraordinariam,
1417 5289 1496 5345 qum,
1522 5274 1601 5331 sicuti
1623 5274 1678 5341 ait,
1694 5285 1839 5345 portentum

182 5374 356 5431 cmissatum
369 5373 587 5446 inlucemillar.
601 5371 892 5438 adrumentorum,
910 5369 950 5444 §2
963 5380 988 5426 et
1040 5369 1138 5427 luerat.
1154 5368 1223 5427 Tum
1246 5386 1362 5443 namque
1387 5370 1439 5436 sol,
1459 5371 1555 5442 iuquit,
1570 5371 1665 5426 eratin
1676 5385 1727 5429 suo
1741 5372 1839 5444 appre-

118 5506 120 5510 ‚
182 5483 250 5540 upa.
266 5465 387 5524 lluiaart.
403 5468 461 5524 Act.
474 5467 555 5525 llart.
569 5485 597 5541 p.
609 5468 645 5525 'li
664 5476 687 5523 ct
699 5467 791 5538 ceap).
808 5463 885 5533 Quod
897 5472 987 5519 autem
1040 5474 1124 5530 arete,
1154 5463 1182 5520 id
1209 5473 1266 5530 est,
1293 5464 1623 5532 summitate,altitudine
1641 5464 1833 5521 etcacumine.

183 5557 362 5618 Tertullianus
376 5562 516 5635 subjanxit
533 5560 707 5619 Saturninum
721 5560 834 5631 primum
851 5556 876 5612 ia
896 5553 988 5611 hicira
1041 5559 1098 5615 linc
1134 5558 1206 5614 enim
1243 5557 1377 5630 signiticat
1423 5555 1533 5612 uerbum
1587 5572 1703 5628 gracum
1742 5563 1839 5628 ὕψωμα.

183 5653 623 5727 pladiuminChristiaaosspiare,
644 5652 680 5708 ihi
695 5650 785 5722 procul
800 5647 881 5705 dubio
896 5647 989 5703 subia-
1036 5643 1117 5701 ›Nrrlla
1143 5653 1233 5699 autern
1256 5642 1336 5706 illius.
1350 5641 1386 5696 ihi
1416 5641 1495 5712 positi
1518 5639 1577 5697 lieri
1600 5651 1690 5712 potest
1711 5641 1837 5713 eclipsis,

185 5744 370 5817 ceilmundum,
379 5757 473 5821 postea
483 5763 562 5820 quam
575 5746 691 5804 excitata
701 5741 928 5800 luissetaSerera
938 5741 990 5795 im·
1040 5752 1120 5811 quarn
1143 5746 1206 5793 tunc
1233 5745 1335 5791 tantam
1354 5734 1474 5806 patitur,
1494 5749 1555 5790 curn
1574 5734 1670 5791 transit
1688 5733 1760 5791 circa
1788 5749 1840 5790 aa·

183 5843 312 5912 peratore
324 5841 616 5913 persecutioomnem
630 5837 770 5899 ciuitatem
790 5841 990 5896 ostraceum-o·
1039 5830 1106 5903 dos,
1126 5830 1173 5908 qui
1194 5829 1224 5889 in
1245 5828 1375 5889 Draconis
1397 5827 1485 5898 capite
1511 5835 1539 5883 et
1565 5825 1653 5886 canda
1676 5837 1836 5887 accurrant.

369 5937 589 6006 Tauroentum
610 5938 638 6003 l.
1380 5923 1619 6009 (Vli9l·⁶l'lll·)
