4242 6259
313 303 369 366 Tib
849 297 883 359 tu
901 291 1136 358 manumittit
1154 293 1421 358 tcotoenntctttt
1441 317 1450 325 ·
1914 298 1969 358 idi

313 423 427 485 Romani
443 419 547 495 imperti
561 416 690 491 praesides
701 416 736 474 ab
759 429 794 474 co
823 416 922 475 missos
948 416 1050 485 luisse,
1066 413 1110 473 cui
1124 414 1152 474 A
1164 420 1218 471 tem
1231 414 1390 488 praeceptis,
1405 412 1504 486 quibes
1516 412 1627 473 cuilibet
1649 401 1799 473 christiaio
1821 413 1966 472 horrendis

313 518 536 579 verisimillimum
556 528 610 570 non
625 511 779 569 ridebitur?
1165 506 1330 564 cruciatibus
1339 521 1372 563 ec
1384 507 1465 564 morti
1478 507 1675 567 crudelissime
1689 509 1762 567 oltro
1783 524 1814 567 se
1828 523 1966 582 exponere

349 611 440 682 Neque
453 606 554 663 dixeris
566 605 696 677 scriptum
716 604 751 660 ab
764 604 811 661 illo
821 617 947 678 quoque,
973 604 1001 661 iu
1026 602 1113 661 chris·
1164 601 1319 660 vetabatur.
1972 669 1978 680 ἱ

311 703 444 760 tianornns
459 697 769 765 descensionemaltum,
789 701 890 768 etipse
911 707 1006 764 uocat,
1033 694 1113 752 libel·
1202 694 1272 764 Quid
1296 709 1380 763 sero,
1404 694 1529 768 inquiunt
1551 696 1616 763 alii,
1643 695 1667 754 si
1693 697 1815 771 martyrii
1830 697 1967 755 desiderio

312 796 384 861 lurn,
400 808 480 866 quent
495 792 528 849 od
541 791 700 865 Scapulam,
725 792 871 864 preposito
895 791 967 849 illins
980 790 1111 856 nomine,
1164 788 1365 856 inllrmmatns.
1380 790 1510 861 supplicia
1528 800 1699 862 mortemque
1713 805 1762 861 pro
1783 790 1884 847 Christi
1899 806 1964 848 con·

311 889 420 948 direxit.
441 888 497 946 Cur
507 887 591 952 enirn,
608 885 722 943 obsecro
737 895 781 951 te,
798 884 1109 956 huicquem,ob1‘ectas,
1163 880 1282 940 sessione
1295 897 1328 939 eo
1342 882 1432 938 minus
1445 881 1579 946 timueris,
1594 897 1649 952 quo
1661 881 1800 939 ardentius
1811 897 1873 939 eam
1887 892 1967 954 opta·

311 982 404 1040 libello
418 978 591 1038 Proconsulis
606 977 744 1051 proprium
768 992 869 1034 nomen
894 976 1047 1046 inscripsit?
1062 990 1111 1031 cnr
1163 973 1228 1030 bat?
1238 975 1307 1043 Quid
1319 975 1401 1032 ctiam
1413 1016 1421 1040 ,
1432 975 1455 1031 si
1466 989 1626 1046 persuasum
1639 975 1751 1032 ontrrino
1765 974 1967 1033 linbuitnomsn

312 1075 340 1133 iu
351 1091 385 1134 eo
400 1075 498 1147 ubique
507 1089 537 1131 se
550 1073 584 1130 ad
597 1088 657 1130 eum
670 1073 809 1142 speciatim
823 1070 943 1127 scribere
956 1066 1111 1141 signitcatt
1162 1082 1241 1124 suom
1260 1069 1344 1126 latere
1356 1069 1403 1125 diu
1418 1069 1479 1126 aliis
1493 1084 1547 1126 non
1561 1070 1699 1139 potuisse,
1713 1070 1763 1126 scd
1792 1069 1852 1126 lore
1863 1070 1967 1142 utipso

311 1184 391 1227 cure
416 1168 553 1224 contrario
579 1165 605 1222 in
629 1163 804 1236 Apologetieo
829 1162 914 1218 multo
935 1161 1053 1234 graviori
1078 1174 1111 1216 ac
1162 1177 1214 1219 suo
1235 1162 1343 1220 dicendi
1365 1178 1466 1234 genere
1480 1165 1607 1221 omnibus
1628 1164 1722 1221 statim
1738 1163 1815 1221 deret
1838 1165 1967 1225 munides-

312 1261 426 1334 longiori
439 1260 527 1325 libro,
544 1257 645 1314 nullius
654 1256 734 1328 plane
751 1255 895 1327 singularis
910 1254 1045 1320 bominis,
1060 1268 1111 1322 nec
1163 1254 1240 1312 tum?
1253 1255 1382 1323 Quamvis
1407 1269 1474 1328 engo
1483 1255 1620 1327 jndicibus
1634 1255 1722 1327 palam
1735 1271 1766 1313 se
1777 1257 1873 1314 sistere
1880 1272 1966 1316 ausus

308 1355 488 1427 qrtorumdum
504 1350 648 1424 praesidum
665 1364 764 1406 nomeu
778 1348 854 1404 ullibi
867 1346 1000 1403 inscruit?
1015 1344 1112 1403 Nonne
1163 1362 1218 1404 non
1232 1347 1332 1414 lucrit;
1346 1347 1434 1418 potuit
1454 1357 1547 1404 tannen
1561 1348 1691 1415 occulere,
1705 1357 1734 1404 ut
1749 1348 1805 1420 ipse
1822 1349 1964 1418 loquitur,

312 1447 370 1503 baec
394 1446 452 1517 ipsa
477 1444 545 1500 ratio
574 1451 635 1509 est,
663 1441 725 1513 quia
752 1439 960 1510 Apologcticum
984 1435 1112 1494 omnibus
1164 1441 1304 1496 tacitarum
1317 1441 1466 1497 litterarum
1481 1441 1533 1495 riae
1556 1454 1635 1496 suum
1650 1454 1749 1497 nomen
1775 1441 1961 1510 promittere,

312 1535 598 1616 generaliteretlinicis
607 1532 768 1606 presidibus
781 1530 956 1588 scribendum
970 1544 1033 1587 esse
1047 1545 1112 1585 cen·
1163 1532 1234 1602 qood
1248 1531 1294 1588 diu
1307 1531 1446 1590 ιιιιιΙιιιιι
1469 1547 1523 1589 nou
1537 1539 1655 1603 poterat.
1684 1530 1763 1588 Nulla
1786 1546 1892 1604 quoqne
1918 1535 1962 1588 ri·

312 1634 388 1690 suitl
410 1632 531 1688 Etccrte
553 1628 697 1685 irridetur
717 1640 779 1683 esse
800 1626 948 1698 primorum
962 1624 1027 1680 libri
1039 1623 1112 1703 illius
1162 1622 1242 1681 detur
1269 1637 1331 1681 esse
1345 1625 1435 1688 ratio,
1450 1639 1498 1682 cor
1523 1624 1551 1681 in
1575 1623 1656 1696 bnjus
1672 1625 1762 1694 potins
1785 1622 1866 1692 iibri,
1880 1639 1962 1696 quam

315 1724 462 1783 uerborum
476 1737 572 1779 sensus
588 1739 595 1778 ι
612 1719 642 1776 Si
653 1735 704 1775 non
718 1717 776 1775 licet
789 1718 870 1786 oobis,
891 1716 1001 1774 Roriicni
1011 1718 1112 1785 t'tttpcrit‘
1164 1716 1279 1773 alioruin
1288 1717 1323 1772 nd
1335 1713 1460 1774 Nasones
1473 1724 1505 1774 et
1515 1716 1657 1788 Scapulam
1670 1715 1749 1773 titulo
1771 1731 1871 1774 nontcn
1885 1731 1963 1774 sunm

311 1817 458 1880 antistites,
473 1814 571 1881 idest,
593 1813 638 1884 qui
654 1812 680 1867 ln
708 1819 764 1884 toto
779 1810 902 1866 Romano
924 1809 1038 1881 imperio
1051 1809 1109 1880 pri·
1124 1794 1149 1860 li
1162 1811 1310 1868 reticuerit.

311 1911 410 1979 marii,
426 1910 582 1988 principes,
596 1916 623 1963 ct
638 1904 767 1977 presides
781 1904 866 1972 estis,
880 1903 910 1958 in
922 1915 1011 1973 operto
1021 1911 1045 1958 et
1058 1903 1111 1957 etti·
1197 1901 1330 1960 Ceterum
1342 1904 1471 1978 quidquid
1481 1903 1517 1963 de
1527 1904 1609 1962 tacito
1626 1905 1687 1966 sive
1699 1919 1831 1977 expresso
1853 1904 1963 1964 Tertul-

313 2015 354 2074 to,
367 2006 393 2060 io
410 1997 480 2076 (qum
491 2001 584 2057 ultima
600 1997 728 2071 particule
744 1995 914 2053 desideratur
932 1995 962 2050 in
983 1994 1110 2051 omnibus
1132 2022 1135 2028 ,
1160 1997 1224 2052 iiani
1239 1996 1519 2063 nomiocdellniator‚
1534 1998 1636 2055 nemini
1658 1999 1739 2069 plane
1762 1997 1875 2055 dubium
1899 2013 1961 2057 csse

310 2096 450 2154 codicibus
464 2093 564 2150 nostris
576 2129 585 2159 ,
599 2101 627 2147 ct
649 2089 730 2148 editis
750 2083 958 2159 antiquioribus)
979 2086 1035 2158 ipso
1055 2091 1110 2158 tere
1159 2086 1241 2145 debet
1254 2088 1319 2145 illud
1331 2089 1430 2146 saltem
1444 2090 1599 2147 christianis
1612 2105 1664 2145 non
1679 2089 1725 2145 diu
1738 2089 1824 2147 luisse
1836 2090 1959 2162 incoqu-

309 2192 400 2246 ocrtice
414 2188 541 2254 ciuitatis,
557 2184 683 2242 nimirum
698 2182 828 2254 citiusque
850 2177 1053 2253 presidentibus.
1069 2178 1108 2234 lbi
1160 2191 1227 2238 tum.
1243 2181 1336 2254 Neque
1349 2183 1421 2240 enim
1435 2183 1514 2239 latuit
1527 2183 1663 2251 Eusebio,
1683 2199 1771 2256 neque
1796 2183 1958 2254 Lactantio,

310 2282 382 2339 enirn
398 2279 537 2336 indefinite
549 2276 638 2333 dixit:
656 2274 768 2332 Romani
777 2273 880 2341 imperii
901 2271 1045 2337 antistites,
1062 2269 1108 2342 qni
1159 2275 1205 2346 qui
1215 2273 1289 2332 bunc
1301 2274 1398 2331 librum
1411 2290 1465 2332 non
1478 2275 1667 2342 dissimulato,
1684 2276 1723 2331 uti
1749 2273 1864 2332 ridinrus
1876 2275 1956 2348 ,vejos

309 2357 336 2431 in
350 2383 444 2446 aperto
454 2383 535 2446 atque
547 2372 620 2427 edito
632 2371 691 2441 ipso
712 2369 813 2425 rerticc
836 2365 954 2423 civitatis
965 2364 1109 2437 cujuslibet
1158 2370 1268 2426 nomine
1288 2367 1451 2425 citauerunt.
1483 2367 1619 2438 Quinsdarn
1635 2369 1715 2440 igitur
1736 2366 1815 2439 buius
1828 2367 1887 2425 libri
1910 2385 1959 2426 co·

309 2466 343 2523 ad
354 2467 421 2521 alios
434 2462 597 2540 iudicandos
609 2460 772 2534 praesidetis.
788 2460 824 2515 itt
836 2460 895 2514 ιιι
907 2457 1107 2529 interpretatio,
1157 2459 1233 2518 dices
1245 2461 1279 2517 ad
1293 2477 1402 2519 reanum
1418 2463 1570 2531 habebant,
1585 2464 1644 2533 ipso
1658 2461 1817 2519 Tertulliani
1834 2471 1957 2536 tempore

309 2568 337 2615 ct
353 2558 431 2614 tertia
446 2556 554 2628 opinio,
571 2555 599 2611 io
611 2554 706 2632 saltem
722 2553 802 2609 babet
814 2550 968 2620 commodi,
984 2550 1056 2622 quod
1068 2551 1108 2608 la·
1158 2552 1230 2612 haud
1241 2555 1322 2613 dtrbic
1331 2555 1483 2628 descriptos
1493 2598 1501 2623 ,
1513 2556 1540 2611 in
1555 2556 1654 2628 quibits
1667 2556 1836 2625 nomenoius
1849 2573 1951 2629 praepo

308 2650 360 2707 cilo
376 2649 453 2705 tollat
466 2648 619 2720 propositas
631 2647 665 2701 ab
678 2646 791 2702 aliarum
806 2643 1000 2701 sententiarum
1014 2652 1106 2716 patro·
1158 2648 1240 2705 situm
1254 2655 1324 2704 erat,
1339 2648 1375 2704 ln
1398 2647 1505 2705 duobus
1517 2659 1608 2706 autern
1632 2649 1825 2720 antiquissimis
1853 2652 1958 2709 nostris

308 2742 351 2798 nis
361 2740 547 2807 dilllcultatcs,
559 2747 587 2796 ct
600 2739 730 2810 ipsasmet
742 2738 863 2795 diuersas
877 2737 1026 2795 sententies
1037 2739 1108 2794 iuter
1159 2740 1296 2798 codicibus
1314 2742 1506 2813 manuscriptis
1521 2742 1566 2800 bic
1577 2752 1621 2799 cst
1630 2742 1703 2799 illius
1716 2742 1809 2799 titulus
1824 2762 1832 2797 s
1858 2745 1959 2817 Apolo-

309 2835 482 2892 seconciliet.
497 2833 563 2890 Nant
577 2825 641 2890 lrir'tc
657 2831 734 2889 lacilc
747 2831 961 2903 intelligiturcur
974 2828 1106 2903 quosdam
1158 2834 1267 2906 petierim
1276 2830 1431 2889 Tertulliani
1439 2850 1449 2900 ,·
1468 2834 1535 2891 etin
1558 2835 1612 2891 bne
1624 2835 1682 2891 baec
1706 2835 1787 2892 verba
1804 2836 1931 2909 leguruur
1950 2858 1959 2896 ι

308 2926 437 2998 presides
451 2924 614 2998 aliquando,
628 2924 695 2980 alitis
710 2938 775 2981 vero
791 2938 986 2995 nonnunquam
1009 2922 1037 2979 in
1052 2922 1107 2979 lroc
1158 2925 1352 2999 Apolopcticrmr
1378 2926 1467 2995 Quinti
1490 2926 1644 2983 Tertulliani
1668 2930 1782 3000 esplieit.
1802 2929 1832 2985 lu
1851 2932 1960 2988 creteris

307 3019 485 3090 appellaverit
497 3019 584 3082 libro,
598 3033 679 3091 quem
692 3016 856 3088 Cartbagine
879 3018 1025 3075 scribebat.
1038 3016 1106 3074 Om-
1157 3033 1265 3090 quoquc
1283 3018 1344 3075 aliis
1357 3019 1575 3088 codicibus,tam
1588 3022 1792 3091 manuscriptis.
1806 3038 1888 3091 quam
1898 3024 1960 3080 edi·

306 3114 351 3170 nia
366 3129 445 3184 porro
457 3110 537 3168 trium
551 3112 660 3168 illorum
685 3112 843 3185 opinionum
868 3121 1026 3185 argumenta
1047 3114 1106 3170 site
1160 3111 1211 3177 tis,
1227 3110 1272 3166 ltic
1285 3110 1354 3168 liber
1366 3112 1560 3184 Apoloqetictnn
1573 3153 1581 3178 ,
1596 3122 1644 3168 aut
1655 3112 1836 3185 Apolopetr'ces
1860 3116 1958 3172 inscri-

306 3206 341 3264 ιι
353 3206 414 3263 aliis
429 3209 567 3278 proposita
580 3249 587 3272 ‚
598 3206 681 3262 sirco
696 3205 774 3261 nobis
788 3204 893 3277 adjecta
905 3204 1023 3263 candido
1039 3173 1142 3263 sirn-C
1158 3202 1241 3260 bitur.
1266 3202 1363 3260 Verani
1382 3212 1473 3261 autem
1499 3219 1561 3260 csse
1584 3205 1654 3261 banc
1679 3205 1881 3275 inscriptionem
1900 3220 1958 3264 non

306 3299 423 3373 plicique
435 3314 512 3355 more
524 3309 617 3356 nostro
632 3299 827 3369 esposuimos3
848 3306 878 3354 ut
892 3314 954 3370 que
974 3298 1105 3369 majoris,
1156 3297 1285 3369 probatur
1306 3296 1357 3354 boc
1372 3305 1475 3354 mettim
1500 3297 1612 3354 illorum
1628 3298 1799 3365 testimonio,
1815 3299 1864 3357 sed
1886 3299 1958 3358 Lae·

307 3407 340 3449 ιι
352 3392 483 3465 gravioris
497 3392 625 3464 ponderis
638 3391 709 3458 sint,
737 3406 832 3450 ornnes
844 3388 924 3449 facilc
937 3397 1104 3464 agnoscant,
1156 3390 1232 3447 tantil
1246 3389 1348 3459 edam,
1368 3405 1384 3445 ι
1396 3405 1451 3462 quo
1476 3389 1500 3446 is
1513 3390 1584 3447 liber
1597 3390 1779 3463 Apobpeticss
1792 3392 1954 3465 appellatur,

306 3499 349 3552 ac,
363 3500 445 3557 quarn
461 3487 597 3546 veriorem
607 3485 799 3560 judicaverint,
810 3485 968 3558 opinionem
982 3486 1105 3562 amplec·
1155 3492 1185 3541 et
1196 3483 1305 3540 Eusebii
1319 3525 1327 3550 ,
1340 3497 1423 3556 aquo
1434 3484 1531 3555 graccis
1545 3483 1620 3540 bisce
1642 3486 1742 3541 citatm
1766 3485 1855 3542 serbis
1868 3484 1954 3559 (beet.

306 3585 407 3634 untur.
1156 3574 1201 3630 tit.
1213 3574 1247 3643 V,
1258 3574 1326 3633 lust.
1339 3591 1400 3647 cop.
1412 3576 1441 3642 d,
1454 3592 1514 3648 pop.
1527 3575 1600 3642 tto;
1614 3575 1706 3632 Tusci.
1723 3576 1773 3632 tec.
1789 3594 1861 3650 ειμι.
1875 3578 1934 3649 cit.)
1949 3600 1957 3635 r

1158 3673 1217 3739 help
1229 3674 1378 3739 lipsienses
1398 3670 1525 3741 ἆσιλιγιι,
1545 3667 1572 3726 id
1595 3678 1653 3734 eil,
1669 3669 1864 3723 citrislitdttmtn
1889 3685 1958 3741 apo·

1156 3759 1243 3831 lopio,
1257 3768 1285 3815 et
1297 3759 1430 3817 cetensio.
1444 3761 1539 3818 Plures
1547 3771 1637 3817 autern
1651 3760 1679 3815 ln
1691 3774 1749 3816 rena
1764 3759 1833 3816 adeo
1845 3771 1951 3817 certstn

309 3824 403 3883 Utrum
419 3822 592 3883 Tertullianus
615 3828 675 3883 huic
690 3828 854 3901 Apolopetico
876 3844 968 3888 nomen
992 3830 1106 3905 inscrip·
1157 3866 1190 3909 ,ο
1212 3852 1352 3923 mmm
1371 3853 1456 3910 epm
1477 3862 1532 3910 mm
1556 3852 1633 3909 „0qu
1646 3852 1772 3924 Ιοῃεωη,
1798 3866 1878 3924 qum
1892 3852 1956 3909 ,ηις

343 3922 403 3977 serit
421 3936 498 3977 susm
510 3937 521 3977 .·
533 3920 565 3976 tle
577 3920 648 3976 illins
668 3921 759 3989 titulo,
779 3933 948 3994 orpuntcnto,
972 3923 1000 3980 in
1021 3926 1106 3998 cupito
1157 3943 1302 4006 moresqum
1317 3945 1397 4004 poreq,
1681 3987 1685 3996 ¹

344 4014 657 4086 continentiumque
668 4015 827 4070 remmath·
1128 4095 1130 4100 ,
1194 4038 1399 4107 operientes
1423 4048 1513 4097 auen
1534 4039 1733 4097 trentesiste
1747 4039 1853 4106 uiuus,
1869 4047 1957 4096 osen

344 4129 594 4200 Disputanteruditi
619 4138 720 4185 nostroe
733 4129 821 4186 aetatis
840 4130 988 4201 scriptores
1013 4137 1104 4189 utrum
1158 4129 1343 4201 tamenipsius
1358 4131 1419 4189 libri
1444 4132 1635 4204 complectitur
1660 4141 1859 4204 arcitenentum.
1875 4130 1953 4188 tneo

307 4222 488 4280 Tertullianus
502 4222 566 4279 bttic
588 4221 659 4279 libro
670 4237 769 4279 nomen
784 4237 862 4278 suum
879 4224 1035 4294 praetiterit.
1048 4224 1105 4281 Ve-
1155 4222 1289 4294 siquidem
1303 4224 1484 4282 Tertullianus
1497 4221 1684 4282 defensionem
1696 4226 1815 4296 srrsccpit
1824 4225 1951 4282 christis·

307 4315 448 4372 sisimilius
472 4315 543 4372 enirn
557 4314 716 4387 quibusdam
730 4315 837 4372 ridetur
847 4315 911 4372 illud
927 4317 962 4374 ab
984 4332 1017 4373 eo
1030 4332 1107 4374 com·
1156 4330 1268 4382 norum,
1290 4315 1424 4388 planeque
1437 4315 1603 4373 demonstrat
1627 4317 1688 4372 illos
1699 4326 1793 4373 corsua
1808 4316 1898 4373 omnio
1910 4331 1958 4373 cu·

308 4422 431 4479 pressum
441 4406 677 4480 ;-quandoquldcm
690 4407 725 4463 ab
738 4407 798 4479 ejus
811 4407 924 4464 exordio
948 4410 1036 4480 palum
1058 4426 1106 4466 ex·
1153 4405 1264 4478 juslibet
1277 4409 1405 4463 naturalis
1417 4406 1555 4466 divinaret
1569 4407 1696 4465 humanae
1712 4409 1780 4481 legis
1798 4410 1955 4480 prescripta

308 4500 426 4573 postulat
440 4501 491 4557 sibi
514 4501 627 4572 aliisque
640 4500 795 4559 christianis
813 4493 933 4573 'publice
953 4502 1106 4561 defensioni
1157 4509 1267 4572 proptor
1286 4500 1374 4558 solnm
1399 4518 1499 4560 nomen
1526 4519 1623 4571 sunm,
1648 4518 1700 4561 nec
1716 4518 1813 4560 cauma
1836 4517 1954 4574 unquam

306 4596 377 4650 uiant
393 4592 531 4665 prreciudi.
546 4592 669 4650 Totidem
681 4595 780 4666 quippe
795 4593 855 4651 brec
868 4604 931 4652 sunt
953 4594 1027 4652 illius
1041 4611 1105 4652 vcr-
1157 4593 1247 4649 :indita
1261 4593 1296 4649 ab
1314 4594 1430 4650 ctlrnicis
1454 4591 1647 4661 condemnari,
1660 4606 1689 4653 et
1700 4595 1805 4661 occidi,
1827 4596 1871 4667 qul
1893 4609 1955 4650 orn·

307 4684 340 4741 ba
357 4704 364 4741 ε
379 4683 411 4741 Si
432 4684 559 4756 denique,
574 4684 643 4756 quod
657 4685 773 4754 proximo
782 4685 891 4753 occidit,
906 4685 1053 4743 domesticis
1066 4687 1106 4742 in·
1156 4685 1231 4740 niune
1245 4684 1286 4741 rei
1298 4695 1376 4741 oratu
1389 4686 1542 4755 scelerum,
1557 4701 1673 4759 quorum
1694 4687 1807 4743 eosdem
1830 4686 1955 4744 christis·

306 4776 380 4832 diciis
399 4776 585 4849 (manuscripti
601 4776 705 4846 nostri,
727 4786 756 4834 et
775 4777 896 4833 melioris
910 4786 981 4834 notae
997 4778 1105 4836 codices
1157 4791 1207 4833 uos
1219 4777 1287 4832 lalso
1312 4777 1405 4834 salsius
1418 4780 1589 4836 accusabant.
1614 4779 1654 4835 Ex
1678 4778 1721 4836 his
1732 4780 1840 4849 itaque,
1854 4792 1916 4850 ιιι
1928 4779 1955 4834 iu

306 4868 373 4925 editi
395 4868 525 4941 judiciis)
540 4869 616 4926 nimis
629 4878 734 4942 operato
743 4869 871 4943 infestatio
885 4879 959 4926 secte
972 4870 1051 4942 buius
1060 4871 1105 4926 oo·
1157 4872 1292 4942 proposita
1306 4887 1322 4927 a
1336 4872 1413 4928 nobis
1433 4872 1513 4942 lintius
1527 4872 1589 4928 libri
1601 4872 1705 4945 analysi
1720 4870 1808 4928 insius
1820 4872 1954 4942 explicata

306 4964 399 5018 strueit
430 4963 573 5036 defensioni
588 4962 626 5035 (in
638 4962 798 5035 quibusdam
812 4962 898 5034 editis}
911 4962 1033 5019 additum
1056 4962 1103 5020 oh·
1156 4953 1234 5028 sunt,
1248 4963 1420 5034 apertissime
1433 4963 1576 5022 coniicitur
1589 4972 1674 5021 totuut
1685 4963 1954 5034 illiusargurucutum

306 5055 383 5110 struit
399 5052 488 5127 mont),
505 5053 579 5108 licent
597 5053 696 5107 ceritati
705 5095 714 5123 ,
730 5054 769 5109 ool
782 5056 883 5109 occulto
906 5056 948 5128 uio
969 5055 1104 5110 tommrsm
1155 5067 1189 5110 eo
1202 5053 1281 5110 'titulo
1295 5053 1429 5111 exhiberi.

307 5145 448 5200 litterarum
460 5143 495 5198 od
508 5159 583 5199 aures
597 5152 692 5200 cedros
707 5146 836 5215 ριιιιιιιιι
849 5143 972 5220 (Τιιιιιιι.
988 5146 1102 5220 Apolop.
1191 5144 1419 5214 Quamvisnutem
1435 5147 1479 5205 bic
1502 5147 1561 5219 ipsc
1574 5147 1682 5204 liberio
1701 5145 1825 5203 omnibus
1849 5144 1951 5213 editis,

306 5252 364 5307 erp.
374 5253 394 5292 t.
404 5236 583 5309 pap.259).Si
591 5251 656 5308 ergo
662 5237 817 5294 christianis
831 5252 883 5294 non
895 5238 1104 5297 licnitcaossam
1155 5253 1187 5295 ac
1200 5241 1391 5312 manuscriptis
1411 5242 1493 5298 etiam
1507 5241 1699 5299 uetustissimis
1710 5239 1863 5304 codicibus,
1878 5240 1954 5295 uaria

305 5340 381 5382 soum
397 5328 503 5399 publice
522 5342 555 5385 ιι
567 5341 658 5384 eoram
677 5327 813 5399 judicibus
826 5328 987 5400 defendere,
1003 5343 1104 5405 quanto
1155 5330 1182 5387 io
1197 5333 1285 5405 capita
1295 5333 1332 5387 sit
1344 5333 1464 5401 divisus,
1480 5348 1513 5390 ca
1527 5341 1617 5391 tamen
1632 5333 1730 5390 divisio
1755 5347 1772 5388 a
1786 5330 1955 5389 Tertulliano

305 5424 395 5480 mitius
406 5422 765 5492 Tertulliano,tamocriter
775 5424 916 5497 gentilium
930 5440 1036 5482 errores
1050 5427 1103 5483 im·
1155 5425 1277 5499 prolecta
1296 5441 1349 5482 non
1375 5437 1427 5483 cst.
1442 5427 1542 5499 Ecquis
1564 5426 1636 5483 entim
1649 5424 1847 5498 quantumlibet
1859 5429 1955 5494 parurn

305 5517 450 5589 pugnanti;
471 5532 506 5574 ne
523 5516 629 5590 prolato
653 5531 704 5574 sno
727 5518 856 5584 nomine,
873 5523 954 5590 caput
974 5527 1050 5575 certo
1075 5529 1103 5576 ct
1155 5518 1347 5586 erudiens,rel
1365 5518 1453 5589 primo
1474 5519 1571 5575 intuitu
1595 5533 1648 5574 iton
1669 5516 1851 5588 deprehendit
1872 5528 1954 5587 qusor

306 5608 453 5665 inevitabili
467 5609 590 5681 periculo
603 5619 705 5667 temere
727 5608 861 5667 oderret?
875 5608 945 5665 Tum
957 5610 1031 5666 enim
1056 5610 1104 5667 illc
1155 5625 1250 5683 parunt
1263 5619 1388 5668 accurata
1400 5649 1409 5677 ,
1420 5623 1554 5683 quamque
1577 5608 1735 5682 imperfecta
1750 5608 1807 5664 siti
1827 5606 1955 5664 Plurimis

305 5698 1104 5775 nondumsuterbumaudsciorcmqusmontanistarumani·
1154 5702 1326 5775 auten,qoi
1339 5718 1424 5760 nonas
1433 5704 1507 5762 illius
1515 5701 1650 5760 editiones
1673 5700 1863 5768 adornarunt,
1887 5694 1955 5755 itted

306 5802 380 5845 mum
394 5790 534 5863 induerat,
548 5794 598 5853 sed
607 5792 747 5852 mtbohca
761 5793 891 5854 Ecclesiae
902 5794 1098 5871 obtemperari·
1145 5796 1191 5856 ita
1201 5811 1359 5870 persuasum
1369 5794 1440 5869 luit,
1452 5796 1591 5855 utbancoe
1602 5792 1889 5870 partitionemmutare
1898 5804 1955 5849 ttott

609 3727 756 3771 tnrtcutos
773 3728 813 3769 nt.
