<?xml version="1.0" encoding="UTF-8"?>
<!DOCTYPE html PUBLIC "-//W3C//DTD XHTML 1.0 Transitional//EN"
    "http://www.w3.org/TR/xhtml1/DTD/xhtml1-transitional.dtd">
<html xmlns="http://www.w3.org/1999/xhtml" xml:lang="en" lang="en">
 <head>
  <title>
</title>
<meta http-equiv="Content-Type" content="text/html;charset=utf-8" />
  <meta name='ocr-system' content='tesseract 3.04.00' />
  <meta name='ocr-capabilities' content='ocr_page ocr_carea ocr_par ocr_line ocrx_word'/>
</head>
<body>
  <div class='ocr_page' id='page_1' title='image "./patrologiaecurs137unkngoog/patrologiaecurs137unkngoog_0519.png"; bbox 0 0 4242 6259; ppageno 0'>
   <div class='ocr_carea' id='block_1_1' title="bbox 178 323 234 385">
    <p class='ocr_par' dir='ltr' id='par_1_1' title="bbox 178 323 234 385">
     <span class='ocr_line' id='line_1_1' title="bbox 178 323 234 385; baseline 0 0"><span class='ocrx_word' id='word_1_1' title='bbox 178 323 234 385; x_wconf 72' lang='lat' dir='ltr'>aas</span> 
     </span>
    </p>
   </div>
   <div class='ocr_carea' id='block_1_2' title="bbox 751 315 1262 380">
    <p class='ocr_par' dir='ltr' id='par_1_2' title="bbox 751 315 1262 380">
     <span class='ocr_line' id='line_1_2' title="bbox 751 315 1262 380; baseline -0.004 -4"><span class='ocrx_word' id='word_1_2' title='bbox 751 318 977 380; x_wconf 76' lang='lat' dir='ltr'>utsssutsbo</span> <span class='ocrx_word' id='word_1_3' title='bbox 994 318 1028 378; x_wconf 76' lang='lat' dir='ltr'>D·</span> <span class='ocrx_word' id='word_1_4' title='bbox 1046 317 1091 378; x_wconf 76' lang='lat' dir='ltr'>all</span> <span class='ocrx_word' id='word_1_5' title='bbox 1110 315 1262 377; x_wconf 79' lang='lat' dir='ltr'>buusur.</span> 
     </span>
    </p>
   </div>
   <div class='ocr_carea' id='block_1_3' title="bbox 1780 314 1837 376">
    <p class='ocr_par' dir='ltr' id='par_1_3' title="bbox 1780 314 1837 376">
     <span class='ocr_line' id='line_1_3' title="bbox 1780 314 1837 376; baseline 0.053 -3"><span class='ocrx_word' id='word_1_6' title='bbox 1780 314 1837 376; x_wconf 71' lang='lat' dir='ltr'>iii</span> 
     </span>
    </p>
   </div>
   <div class='ocr_carea' id='block_1_4' title="bbox 181 421 1834 517">
    <p class='ocr_par' dir='ltr' id='par_1_4' title="bbox 181 421 1834 517">
     <span class='ocr_line' id='line_1_4' title="bbox 181 421 1834 517; baseline -0.007 -16"><span class='ocrx_word' id='word_1_7' title='bbox 181 421 218 501; x_wconf 78' lang='lat' dir='ltr'>ito</span> <span class='ocrx_word' id='word_1_8' title='bbox 238 442 377 517; x_wconf 81' lang='lat' dir='ltr'>colligitur,</span> <span class='ocrx_word' id='word_1_9' title='bbox 402 439 474 509; x_wconf 86' lang='lat' dir='ltr'>apud</span> <span class='ocrx_word' id='word_1_10' title='bbox 510 436 675 513; x_wconf 85' lang='lat' dir='ltr'>praepositum</span> <span class='ocrx_word' id='word_1_11' title='bbox 708 437 843 510; x_wconf 74' lang='lat' dir='ltr'><strong><em>deponitur</em></strong></span> <span class='ocrx_word' id='word_1_12' title='bbox 869 436 983 511; x_wconf 81' lang='lat' dir='ltr'>(iustis.</span> <span class='ocrx_word' id='word_1_13' title='bbox 997 447 1025 507; x_wconf 76' lang='grc' dir='ltr'>Λ</span> <span class='ocrx_word' id='word_1_14' title='bbox 1039 435 1151 506; x_wconf 73' lang='lat' dir='ltr'>docies,</span> <span class='ocrx_word' id='word_1_15' title='bbox 1166 453 1223 508; x_wconf 82' lang='lat' dir='ltr'>cop.</span> <span class='ocrx_word' id='word_1_16' title='bbox 1237 437 1282 504; x_wconf 76' lang='lat'>35,</span> <span class='ocrx_word' id='word_1_17' title='bbox 1299 432 1447 509; x_wconf 71' lang='lat' dir='ltr'>popili).</span> <span class='ocrx_word' id='word_1_18' title='bbox 1461 432 1530 504; x_wconf 89' lang='lat' dir='ltr'>Quin</span> <span class='ocrx_word' id='word_1_19' title='bbox 1546 433 1625 491; x_wconf 89' lang='lat' dir='ltr'>ctiam</span> <span class='ocrx_word' id='word_1_20' title='bbox 1638 431 1834 507; x_wconf 75' lang='lat' dir='ltr'>Cypriaausad</span> 
     </span>
    </p>
   </div>
   <div class='ocr_carea' id='block_1_5' title="bbox 143 535 981 1446">
    <p class='ocr_par' dir='ltr' id='par_1_5' title="bbox 182 535 584 611">
     <span class='ocr_line' id='line_1_5' title="bbox 182 535 584 611; baseline -0.015 -17"><span class='ocrx_word' id='word_1_21' title='bbox 182 550 293 611; x_wconf 85' lang='lat' dir='ltr'>martgr.</span> <span class='ocrx_word' id='word_1_22' title='bbox 309 535 416 609; x_wconf 81' lang='lat' dir='ltr'>apolop.</span> <span class='ocrx_word' id='word_1_23' title='bbox 432 536 460 601; x_wconf 84' lang='lat' dir='ltr'>i,</span> <span class='ocrx_word' id='word_1_24' title='bbox 476 552 504 589; x_wconf 89' lang='lat' dir='ltr'>a.</span> <span class='ocrx_word' id='word_1_25' title='bbox 518 535 553 589; x_wconf 84' lang='lat'>67</span> <span class='ocrx_word' id='word_1_26' title='bbox 563 535 584 604; x_wconf 88' lang='lat'>).</span> 
     </span>
    </p>

    <p class='ocr_par' dir='ltr' id='par_1_6' title="bbox 143 617 981 1446">
     <span class='ocr_line' id='line_1_6' title="bbox 219 617 981 702; baseline -0.008 -14"><span class='ocrx_word' id='word_1_27' title='bbox 219 633 247 689; x_wconf 87' lang='lat' dir='ltr'>Si</span> <span class='ocrx_word' id='word_1_28' title='bbox 271 617 335 702; x_wconf 88' lang='lat' dir='ltr'>ergo</span> <span class='ocrx_word' id='word_1_29' title='bbox 353 629 508 686; x_wconf 72' lang='lat' dir='ltr'>Tertulliani</span> <span class='ocrx_word' id='word_1_30' title='bbox 531 637 611 686; x_wconf 82' lang='lat' dir='ltr'>atate</span> <span class='ocrx_word' id='word_1_31' title='bbox 632 628 702 687; x_wconf 88' lang='lat' dir='ltr'>isaac</span> <span class='ocrx_word' id='word_1_32' title='bbox 722 628 820 700; x_wconf 78' lang='lat' dir='ltr'>stipem</span> <span class='ocrx_word' id='word_1_33' title='bbox 843 635 981 684; x_wconf 89' lang='lat' dir='ltr'>menstrua</span> 
     </span>
     <span class='ocr_line' id='line_1_7' title="bbox 184 722 979 795; baseline -0.011 -12"><span class='ocrx_word' id='word_1_34' title='bbox 184 736 286 784; x_wconf 78' lang='lat' dir='ltr'>matum</span> <span class='ocrx_word' id='word_1_35' title='bbox 300 726 355 793; x_wconf 89' lang='lat' dir='ltr'>die,</span> <span class='ocrx_word' id='word_1_36' title='bbox 379 739 493 795; x_wconf 85' lang='lat' dir='ltr'>eamque</span> <span class='ocrx_word' id='word_1_37' title='bbox 513 722 646 780; x_wconf 81' lang='lat' dir='ltr'>modicam</span> <span class='ocrx_word' id='word_1_38' title='bbox 661 722 807 779; x_wconf 82' lang='lat' dir='ltr'>Christiani</span> <span class='ocrx_word' id='word_1_39' title='bbox 822 722 979 792; x_wconf 76' lang='lat' dir='ltr'>erogabant,</span> 
     </span>
     <span class='ocr_line' id='line_1_8' title="bbox 184 815 980 885; baseline -0.015 -7"><span class='ocrx_word' id='word_1_40' title='bbox 184 836 274 877; x_wconf 89' lang='lat' dir='ltr'>nonne</span> <span class='ocrx_word' id='word_1_41' title='bbox 297 819 402 875; x_wconf 90' lang='lat' dir='ltr'>illorum</span> <span class='ocrx_word' id='word_1_42' title='bbox 418 816 603 875; x_wconf 75' lang='lat' dir='ltr'>misericordia</span> <span class='ocrx_word' id='word_1_43' title='bbox 625 824 654 872; x_wconf 93' lang='lat' dir='ltr'>ct</span> <span class='ocrx_word' id='word_1_44' title='bbox 667 815 795 880; x_wconf 86' lang='lat' dir='ltr'>ebaritas,</span> <span class='ocrx_word' id='word_1_45' title='bbox 810 829 863 869; x_wconf 92' lang='lat' dir='ltr'>uon</span> <span class='ocrx_word' id='word_1_46' title='bbox 873 828 980 885; x_wconf 89' lang='lat' dir='ltr'>parum,</span> 
     </span>
     <span class='ocr_line' id='line_1_9' title="bbox 184 904 979 996; baseline -0.018 -26"><span class='ocrx_word' id='word_1_47' title='bbox 184 916 222 970; x_wconf 91' lang='lat' dir='ltr'>uti</span> <span class='ocrx_word' id='word_1_48' title='bbox 243 922 327 996; x_wconf 63' lang='lat' dir='ltr'>antea⁸</span> <span class='ocrx_word' id='word_1_49' title='bbox 335 912 531 968; x_wconf 90' lang='lat' dir='ltr'>annotabamus</span> <span class='ocrx_word' id='word_1_50' title='bbox 555 909 645 981; x_wconf 75' lang='lat' dir='ltr'>(supr,</span> <span class='ocrx_word' id='word_1_51' title='bbox 661 924 719 978; x_wconf 85' lang='lat' dir='ltr'>cop.</span> <span class='ocrx_word' id='word_1_52' title='bbox 734 907 779 973; x_wconf 66' lang='lat' dir='ltr'>ii,</span> <span class='ocrx_word' id='word_1_53' title='bbox 794 915 844 961; x_wconf 89' lang='lat' dir='ltr'>art.</span> <span class='ocrx_word' id='word_1_54' title='bbox 865 907 911 975; x_wconf 75' lang='grc'>5),</span> <span class='ocrx_word' id='word_1_55' title='bbox 928 904 979 988; x_wconf 77' lang='lat' dir='ltr'>im·</span> 
     </span>
     <span class='ocr_line' id='line_1_10' title="bbox 183 984 979 1072; baseline -0.02 -8"><span class='ocrx_word' id='word_1_56' title='bbox 183 1007 284 1065; x_wconf 87' lang='lat' dir='ltr'>asinula</span> <span class='ocrx_word' id='word_1_57' title='bbox 297 1016 325 1061; x_wconf 90' lang='lat' dir='ltr'>et</span> <span class='ocrx_word' id='word_1_58' title='bbox 337 1004 474 1061; x_wconf 89' lang='lat' dir='ltr'>debibtata</span> <span class='ocrx_word' id='word_1_59' title='bbox 483 1003 559 1059; x_wconf 75' lang='lat' dir='ltr'>erat?</span> <span class='ocrx_word' id='word_1_60' title='bbox 570 1000 664 1072; x_wconf 81' lang='lat' dir='ltr'>Neque</span> <span class='ocrx_word' id='word_1_61' title='bbox 677 998 837 1072; x_wconf 78' lang='lat' dir='ltr'>Cyprianus,</span> <span class='ocrx_word' id='word_1_62' title='bbox 853 984 890 1051; x_wconf 85' lang='lat' dir='ltr'>ibi</span> <span class='ocrx_word' id='word_1_63' title='bbox 901 1009 916 1049; x_wconf 92' lang='lat' dir='ltr'>a</span> <span class='ocrx_word' id='word_1_64' title='bbox 929 1011 979 1050; x_wconf 90' lang='lat' dir='ltr'>ao-</span> 
     </span>
     <span class='ocr_line' id='line_1_11' title="bbox 183 1090 980 1166; baseline -0.018 -10"><span class='ocrx_word' id='word_1_65' title='bbox 183 1099 225 1156; x_wconf 90' lang='lat' dir='ltr'>bis</span> <span class='ocrx_word' id='word_1_66' title='bbox 248 1099 357 1162; x_wconf 88' lang='lat' dir='ltr'>ciratus,</span> <span class='ocrx_word' id='word_1_67' title='bbox 374 1095 401 1154; x_wconf 92' lang='lat' dir='ltr'>id</span> <span class='ocrx_word' id='word_1_68' title='bbox 422 1094 583 1161; x_wconf 77' lang='lat' dir='ltr'>dissimulat,</span> <span class='ocrx_word' id='word_1_69' title='bbox 606 1095 653 1166; x_wconf 82' lang='lat' dir='ltr'>oui</span> <span class='ocrx_word' id='word_1_70' title='bbox 672 1093 706 1148; x_wconf 91' lang='lat' dir='ltr'>dc</span> <span class='ocrx_word' id='word_1_71' title='bbox 726 1090 828 1147; x_wconf 92' lang='lat' dir='ltr'>duriori</span> <span class='ocrx_word' id='word_1_72' title='bbox 850 1097 980 1144; x_wconf 72' lang='lat' dir='ltr'>matronae</span> 
     </span>
     <span class='ocr_line' id='line_1_12' title="bbox 182 1182 979 1260; baseline -0.013 -12"><span class='ocrx_word' id='word_1_73' title='bbox 182 1190 335 1248; x_wconf 86' lang='lat' dir='ltr'>christianae</span> <span class='ocrx_word' id='word_1_74' title='bbox 348 1191 375 1245; x_wconf 92' lang='lat' dir='ltr'>ia</span> <span class='ocrx_word' id='word_1_75' title='bbox 390 1203 523 1260; x_wconf 89' lang='lat' dir='ltr'>pauperes</span> <span class='ocrx_word' id='word_1_76' title='bbox 534 1194 562 1243; x_wconf 91' lang='lat' dir='ltr'>et</span> <span class='ocrx_word' id='word_1_77' title='bbox 577 1186 690 1242; x_wconf 89' lang='lat' dir='ltr'>miseros</span> <span class='ocrx_word' id='word_1_78' title='bbox 704 1185 795 1240; x_wconf 91' lang='lat' dir='ltr'>animo</span> <span class='ocrx_word' id='word_1_79' title='bbox 805 1182 845 1238; x_wconf 92' lang='lat' dir='ltr'>sic</span> <span class='ocrx_word' id='word_1_80' title='bbox 859 1197 979 1253; x_wconf 83' lang='lat' dir='ltr'>conque·</span> 
     </span>
     <span class='ocr_line' id='line_1_13' title="bbox 143 1275 981 1354; baseline -0.014 -13"><span class='ocrx_word' id='word_1_81' title='bbox 143 1315 146 1318; x_wconf 75' lang='lat'>,</span> <span class='ocrx_word' id='word_1_82' title='bbox 183 1285 268 1341; x_wconf 79' lang='lat' dir='ltr'>uitur:</span> <span class='ocrx_word' id='word_1_83' title='bbox 285 1282 412 1354; x_wconf 80' lang='lat' dir='ltr'>Locuples</span> <span class='ocrx_word' id='word_1_84' title='bbox 424 1290 448 1336; x_wconf 87' lang='lat' dir='ltr'>et</span> <span class='ocrx_word' id='word_1_85' title='bbox 468 1281 538 1336; x_wconf 87' lang='lat' dir='ltr'>diues</span> <span class='ocrx_word' id='word_1_86' title='bbox 552 1296 589 1346; x_wconf 88' lang='lat' dir='ltr'>es,</span> <span class='ocrx_word' id='word_1_87' title='bbox 605 1288 629 1333; x_wconf 87' lang='lat' dir='ltr'>et</span> <span class='ocrx_word' id='word_1_88' title='bbox 648 1278 803 1332; x_wconf 87' lang='lat' dir='ltr'>donrinieam</span> <span class='ocrx_word' id='word_1_89' title='bbox 817 1275 944 1331; x_wconf 83' lang='lat' dir='ltr'>celebrare</span> <span class='ocrx_word' id='word_1_90' title='bbox 957 1283 981 1329; x_wconf 89' lang='lat' dir='ltr'>le</span> 
     </span>
     <span class='ocr_line' id='line_1_14' title="bbox 183 1370 980 1446; baseline -0.011 -14"><span class='ocrx_word' id='word_1_91' title='bbox 183 1378 274 1443; x_wconf 85' lang='lat' dir='ltr'>eredis,</span> <span class='ocrx_word' id='word_1_92' title='bbox 290 1391 347 1446; x_wconf 80' lang='lat' dir='ltr'>poor</span> <span class='ocrx_word' id='word_1_93' title='bbox 358 1373 494 1429; x_wconf 85' lang='lat' dir='ltr'>corbonam</span> <span class='ocrx_word' id='word_1_94' title='bbox 505 1373 607 1429; x_wconf 87' lang='lat' dir='ltr'>omuino</span> <span class='ocrx_word' id='word_1_95' title='bbox 622 1388 674 1427; x_wconf 89' lang='lat' dir='ltr'>aaa</span> <span class='ocrx_word' id='word_1_96' title='bbox 686 1370 801 1441; x_wconf 81' lang='lat' dir='ltr'>respicis,</span> <span class='ocrx_word' id='word_1_97' title='bbox 816 1385 873 1440; x_wconf 79' lang='lat' dir='ltr'>aare</span> <span class='ocrx_word' id='word_1_98' title='bbox 886 1370 914 1424; x_wconf 90' lang='lat' dir='ltr'>ia</span> <span class='ocrx_word' id='word_1_99' title='bbox 933 1370 980 1423; x_wconf 87' lang='lat' dir='ltr'>rio·</span> 
     </span>
    </p>
   </div>
   <div class='ocr_carea' id='block_1_6' title="bbox 1031 527 1835 1435">
    <p class='ocr_par' dir='ltr' id='par_1_7' title="bbox 1031 527 1835 1435">
     <span class='ocr_line' id='line_1_15' title="bbox 1033 527 1834 605; baseline -0.006 -18"><span class='ocrx_word' id='word_1_100' title='bbox 1033 531 1206 605; x_wconf 82' lang='lat' dir='ltr'>presbyteros</span> <span class='ocrx_word' id='word_1_101' title='bbox 1220 538 1250 589; x_wconf 87' lang='lat' dir='ltr'>et</span> <span class='ocrx_word' id='word_1_102' title='bbox 1263 531 1391 587; x_wconf 89' lang='lat' dir='ltr'>diaeonus</span> <span class='ocrx_word' id='word_1_103' title='bbox 1401 529 1460 584; x_wconf 78' lang='lat' dir='ltr'>bac</span> <span class='ocrx_word' id='word_1_104' title='bbox 1473 528 1582 599; x_wconf 88' lang='lat' dir='ltr'>scripsit</span> <span class='ocrx_word' id='word_1_105' title='bbox 1592 528 1725 585; x_wconf 82' lang='lat' dir='ltr'>iurerba:</span> <span class='ocrx_word' id='word_1_106' title='bbox 1742 527 1834 596; x_wconf 87' lang='lat' dir='ltr'>erau·</span> 
     </span>
     <span class='ocr_line' id='line_1_16' title="bbox 1033 620 1835 694; baseline -0.006 -17"><span class='ocrx_word' id='word_1_107' title='bbox 1033 631 1087 677; x_wconf 91' lang='lat' dir='ltr'>tum</span> <span class='ocrx_word' id='word_1_108' title='bbox 1101 622 1136 678; x_wconf 84' lang='lat' dir='ltr'>ori</span> <span class='ocrx_word' id='word_1_109' title='bbox 1145 632 1262 693; x_wconf 89' lang='lat' dir='ltr'>sumptus</span> <span class='ocrx_word' id='word_1_110' title='bbox 1276 620 1445 694; x_wconf 82' lang='lat' dir='ltr'>suapereados</span> <span class='ocrx_word' id='word_1_111' title='bbox 1457 621 1509 677; x_wconf 84' lang='lat' dir='ltr'>siue</span> <span class='ocrx_word' id='word_1_112' title='bbox 1520 620 1581 685; x_wconf 90' lang='lat' dir='ltr'>iliis,</span> <span class='ocrx_word' id='word_1_113' title='bbox 1593 620 1637 690; x_wconf 86' lang='lat' dir='ltr'>qui</span> <span class='ocrx_word' id='word_1_114' title='bbox 1651 620 1763 691; x_wconf 79' lang='lat' dir='ltr'>glorioso</span> <span class='ocrx_word' id='word_1_115' title='bbox 1774 634 1835 674; x_wconf 85' lang='lat' dir='ltr'>uoce</span> 
     </span>
     <span class='ocr_line' id='line_1_17' title="bbox 1033 712 1834 788; baseline -0.007 -16"><span class='ocrx_word' id='word_1_116' title='bbox 1033 715 1118 773; x_wconf 82' lang='lat' dir='ltr'>Deam</span> <span class='ocrx_word' id='word_1_117' title='bbox 1142 716 1252 788; x_wconf 72' lang='lat' dir='ltr'>eonimsi</span> <span class='ocrx_word' id='word_1_118' title='bbox 1272 717 1300 771; x_wconf 90' lang='lat' dir='ltr'>in</span> <span class='ocrx_word' id='word_1_119' title='bbox 1319 730 1421 770; x_wconf 86' lang='lat' dir='ltr'>carcere</span> <span class='ocrx_word' id='word_1_120' title='bbox 1433 722 1494 769; x_wconf 89' lang='lat' dir='ltr'>suot</span> <span class='ocrx_word' id='word_1_121' title='bbox 1508 713 1648 777; x_wconf 85' lang='lat' dir='ltr'>constituti,</span> <span class='ocrx_word' id='word_1_122' title='bbox 1672 712 1723 767; x_wconf 88' lang='lat' dir='ltr'>siae</span> <span class='ocrx_word' id='word_1_123' title='bbox 1736 713 1769 767; x_wconf 91' lang='lat' dir='ltr'>iis</span> <span class='ocrx_word' id='word_1_124' title='bbox 1790 712 1834 782; x_wconf 82' lang='lat' dir='ltr'>qai</span> 
     </span>
     <span class='ocr_line' id='line_1_18' title="bbox 1033 803 1834 882; baseline -0.01 -16"><span class='ocrx_word' id='word_1_125' title='bbox 1033 826 1158 882; x_wconf 87' lang='lat' dir='ltr'>pauperes</span> <span class='ocrx_word' id='word_1_126' title='bbox 1182 820 1207 865; x_wconf 88' lang='lat' dir='ltr'>et</span> <span class='ocrx_word' id='word_1_127' title='bbox 1232 809 1373 881; x_wconf 84' lang='lat' dir='ltr'>indigentes</span> <span class='ocrx_word' id='word_1_128' title='bbox 1386 807 1513 874; x_wconf 77' lang='lat' dir='ltr'>laborant,</span> <span class='ocrx_word' id='word_1_129' title='bbox 1537 814 1562 860; x_wconf 89' lang='lat' dir='ltr'>ct</span> <span class='ocrx_word' id='word_1_130' title='bbox 1580 815 1665 860; x_wconf 86' lang='lat' dir='ltr'>taarea</span> <span class='ocrx_word' id='word_1_131' title='bbox 1679 805 1706 858; x_wconf 90' lang='lat' dir='ltr'>in</span> <span class='ocrx_word' id='word_1_132' title='bbox 1722 803 1834 859; x_wconf 82' lang='lat' dir='ltr'>Domino</span> 
     </span>
     <span class='ocr_line' id='line_1_19' title="bbox 1033 896 1835 974; baseline -0.01 -16"><span class='ocrx_word' id='word_1_133' title='bbox 1033 910 1205 974; x_wconf 81' lang='lat' dir='ltr'>perseverant,</span> <span class='ocrx_word' id='word_1_134' title='bbox 1226 910 1285 974; x_wconf 89' lang='lat' dir='ltr'>peto</span> <span class='ocrx_word' id='word_1_135' title='bbox 1303 899 1368 954; x_wconf 87' lang='lat' dir='ltr'>uiirii</span> <span class='ocrx_word' id='word_1_136' title='bbox 1391 899 1466 964; x_wconf 89' lang='lat' dir='ltr'>desit,</span> <span class='ocrx_word' id='word_1_137' title='bbox 1486 913 1543 953; x_wconf 89' lang='lat' dir='ltr'>cunr</span> <span class='ocrx_word' id='word_1_138' title='bbox 1555 913 1655 952; x_wconf 88' lang='lat' dir='ltr'>sarrsmo</span> <span class='ocrx_word' id='word_1_139' title='bbox 1668 896 1760 963; x_wconf 86' lang='lat' dir='ltr'>armis,</span> <span class='ocrx_word' id='word_1_140' title='bbox 1778 910 1835 966; x_wconf 72' lang='lat' dir='ltr'>paor</span> 
     </span>
     <span class='ocr_line' id='line_1_20' title="bbox 1031 990 1835 1063; baseline -0.007 -12"><span class='ocrx_word' id='word_1_141' title='bbox 1031 996 1136 1053; x_wconf 79' lang='lat' dir='ltr'>redacta</span> <span class='ocrx_word' id='word_1_142' title='bbox 1164 1003 1210 1061; x_wconf 87' lang='lat' dir='ltr'>est,</span> <span class='ocrx_word' id='word_1_143' title='bbox 1233 994 1329 1049; x_wconf 88' lang='lat' dir='ltr'>iiiiosit</span> <span class='ocrx_word' id='word_1_144' title='bbox 1353 991 1423 1063; x_wconf 87' lang='lat' dir='ltr'>apud</span> <span class='ocrx_word' id='word_1_145' title='bbox 1443 992 1548 1047; x_wconf 79' lang='lat' dir='ltr'>ciericos</span> <span class='ocrx_word' id='word_1_146' title='bbox 1572 990 1709 1047; x_wconf 84' lang='lat' dir='ltr'>distributa</span> <span class='ocrx_word' id='word_1_147' title='bbox 1732 1000 1835 1062; x_wconf 89' lang='lat' dir='ltr'>propter</span> 
     </span>
     <span class='ocr_line' id='line_1_21' title="bbox 1032 1083 1834 1160; baseline -0.006 -18"><span class='ocrx_word' id='word_1_148' title='bbox 1032 1088 1158 1160; x_wconf 79' lang='lat' dir='ltr'>ejusmodi</span> <span class='ocrx_word' id='word_1_149' title='bbox 1171 1102 1263 1152; x_wconf 83' lang='lat' dir='ltr'>easus;</span> <span class='ocrx_word' id='word_1_150' title='bbox 1282 1094 1310 1140; x_wconf 91' lang='lat' dir='ltr'>ut</span> <span class='ocrx_word' id='word_1_151' title='bbox 1323 1085 1444 1141; x_wconf 85' lang='lat' dir='ltr'>baberent</span> <span class='ocrx_word' id='word_1_152' title='bbox 1463 1085 1549 1155; x_wconf 79' lang='lat' dir='ltr'>pierres</span> <span class='ocrx_word' id='word_1_153' title='bbox 1568 1083 1683 1138; x_wconf 86' lang='lat' dir='ltr'>audead</span> <span class='ocrx_word' id='word_1_154' title='bbox 1697 1083 1834 1138; x_wconf 85' lang='lat' dir='ltr'>necessita·</span> 
     </span>
     <span class='ocr_line' id='line_1_22' title="bbox 1032 1175 1833 1253; baseline -0.001 -19"><span class='ocrx_word' id='word_1_155' title='bbox 1032 1189 1102 1237; x_wconf 84' lang='lat' dir='ltr'>tesei</span> <span class='ocrx_word' id='word_1_156' title='bbox 1124 1197 1255 1253; x_wconf 87' lang='lat' dir='ltr'>pressuras</span> <span class='ocrx_word' id='word_1_157' title='bbox 1274 1179 1434 1251; x_wconf 81' lang='lat' dir='ltr'>sirrpuiaruns</span> <span class='ocrx_word' id='word_1_158' title='bbox 1454 1178 1559 1248; x_wconf 83' lang='lat' dir='ltr'>operari</span> <span class='ocrx_word' id='word_1_159' title='bbox 1577 1177 1674 1249; x_wconf 88' lang='lat' dir='ltr'>possint</span> <span class='ocrx_word' id='word_1_160' title='bbox 1696 1175 1833 1248; x_wconf 76' lang='lat' dir='ltr'>(Cypriam.</span> 
     </span>
     <span class='ocr_line' id='line_1_23' title="bbox 1032 1268 1834 1347; baseline -0.011 -16"><span class='ocrx_word' id='word_1_161' title='bbox 1032 1276 1105 1346; x_wconf 82' lang='lat' dir='ltr'>epist</span> <span class='ocrx_word' id='word_1_162' title='bbox 1121 1274 1162 1347; x_wconf 77' lang='lat' dir='ltr'>a).</span> <span class='ocrx_word' id='word_1_163' title='bbox 1177 1272 1317 1341; x_wconf 84' lang='lat' dir='ltr'>Quomodo</span> <span class='ocrx_word' id='word_1_164' title='bbox 1343 1279 1432 1327; x_wconf 91' lang='lat' dir='ltr'>autem</span> <span class='ocrx_word' id='word_1_165' title='bbox 1456 1270 1506 1326; x_wconf 92' lang='lat' dir='ltr'>bac</span> <span class='ocrx_word' id='word_1_166' title='bbox 1536 1270 1606 1340; x_wconf 90' lang='lat' dir='ltr'>stipo</span> <span class='ocrx_word' id='word_1_167' title='bbox 1631 1278 1658 1325; x_wconf 92' lang='lat' dir='ltr'>ct</span> <span class='ocrx_word' id='word_1_168' title='bbox 1683 1268 1834 1338; x_wconf 76' lang='lat' dir='ltr'>eleemosy-</span> 
     </span>
     <span class='ocr_line' id='line_1_24' title="bbox 1032 1360 1832 1435; baseline -0.011 -12"><span class='ocrx_word' id='word_1_169' title='bbox 1032 1368 1075 1423; x_wconf 87' lang='lat' dir='ltr'>nis</span> <span class='ocrx_word' id='word_1_170' title='bbox 1098 1365 1304 1422; x_wconf 88' lang='lat' dir='ltr'>necessitatibus</span> <span class='ocrx_word' id='word_1_171' title='bbox 1329 1363 1463 1435; x_wconf 87' lang='lat' dir='ltr'>egentiam</span> <span class='ocrx_word' id='word_1_172' title='bbox 1500 1360 1711 1417; x_wconf 88' lang='lat' dir='ltr'>subueniendum</span> <span class='ocrx_word' id='word_1_173' title='bbox 1741 1367 1832 1426; x_wconf 79' lang='lat' dir='ltr'>esset,</span> 
     </span>
    </p>
   </div>
   <div class='ocr_carea' id='block_1_7' title="bbox 1031 1450 1835 1621">
    <p class='ocr_par' dir='ltr' id='par_1_8' title="bbox 1031 1450 1835 1621">
     <span class='ocr_line' id='line_1_25' title="bbox 1031 1450 1833 1524; baseline -0.014 -10"><span class='ocrx_word' id='word_1_174' title='bbox 1031 1459 1071 1515; x_wconf 89' lang='lat' dir='ltr'>sic</span> <span class='ocrx_word' id='word_1_175' title='bbox 1086 1458 1132 1514; x_wconf 91' lang='lat' dir='ltr'>ilie</span> <span class='ocrx_word' id='word_1_176' title='bbox 1151 1456 1309 1513; x_wconf 85' lang='lat' dir='ltr'>eoastitait:</span> <span class='ocrx_word' id='word_1_177' title='bbox 1338 1454 1415 1520; x_wconf 89' lang='lat' dir='ltr'>Quod</span> <span class='ocrx_word' id='word_1_178' title='bbox 1429 1453 1451 1508; x_wconf 90' lang='lat' dir='ltr'>si</span> <span class='ocrx_word' id='word_1_179' title='bbox 1464 1453 1597 1524; x_wconf 86' lang='lat' dir='ltr'>penuriam</span> <span class='ocrx_word' id='word_1_180' title='bbox 1610 1450 1679 1516; x_wconf 89' lang='lat' dir='ltr'>talis,</span> <span class='ocrx_word' id='word_1_181' title='bbox 1704 1459 1728 1506; x_wconf 90' lang='lat' dir='ltr'>et</span> <span class='ocrx_word' id='word_1_182' title='bbox 1747 1466 1833 1505; x_wconf 85' lang='lat' dir='ltr'>acees-</span> 
     </span>
     <span class='ocr_line' id='line_1_26' title="bbox 1031 1543 1835 1621; baseline -0.015 -14"><span class='ocrx_word' id='word_1_183' title='bbox 1031 1553 1133 1607; x_wconf 88' lang='lat' dir='ltr'>sitalem</span> <span class='ocrx_word' id='word_1_184' title='bbox 1152 1549 1311 1621; x_wconf 81' lang='lat' dir='ltr'>pauperioris</span> <span class='ocrx_word' id='word_1_185' title='bbox 1325 1546 1447 1611; x_wconf 87' lang='lat' dir='ltr'>obtendit,</span> <span class='ocrx_word' id='word_1_186' title='bbox 1468 1555 1549 1617; x_wconf 87' lang='lat' dir='ltr'>potest</span> <span class='ocrx_word' id='word_1_187' title='bbox 1571 1545 1637 1598; x_wconf 88' lang='lat' dir='ltr'>irater</span> <span class='ocrx_word' id='word_1_188' title='bbox 1657 1551 1771 1608; x_wconf 76' lang='lat' dir='ltr'>eeteros,</span> <span class='ocrx_word' id='word_1_189' title='bbox 1791 1543 1835 1612; x_wconf 76' lang='lat' dir='ltr'>ipsi</span> 
     </span>
    </p>
   </div>
   <div class='ocr_carea' id='block_1_8' title="bbox 182 1462 978 1535">
    <p class='ocr_par' dir='ltr' id='par_1_9' title="bbox 182 1462 978 1535">
     <span class='ocr_line' id='line_1_27' title="bbox 182 1462 978 1535; baseline -0.009 -13"><span class='ocrx_word' id='word_1_190' title='bbox 182 1470 304 1523; x_wconf 84' lang='lat' dir='ltr'>minirum</span> <span class='ocrx_word' id='word_1_191' title='bbox 316 1468 371 1521; x_wconf 88' lang='lat' dir='ltr'>sine</span> <span class='ocrx_word' id='word_1_192' title='bbox 383 1465 511 1535; x_wconf 76' lang='lat' dir='ltr'>sacrificia</span> <span class='ocrx_word' id='word_1_193' title='bbox 525 1465 603 1530; x_wconf 87' lang='lat' dir='ltr'>uenis,</span> <span class='ocrx_word' id='word_1_194' title='bbox 617 1477 676 1534; x_wconf 83' lang='lat' dir='ltr'>oure</span> <span class='ocrx_word' id='word_1_195' title='bbox 688 1471 786 1532; x_wconf 86' lang='lat' dir='ltr'>partem</span> <span class='ocrx_word' id='word_1_196' title='bbox 798 1463 831 1515; x_wconf 90' lang='lat' dir='ltr'>de</span> <span class='ocrx_word' id='word_1_197' title='bbox 840 1462 978 1530; x_wconf 77' lang='lat' dir='ltr'>sacrificio,</span> 
     </span>
    </p>
   </div>
   <div class='ocr_carea' id='block_1_9' title="bbox 182 1551 1835 1724">
    <p class='ocr_par' dir='ltr' id='par_1_10' title="bbox 182 1551 1835 1724">
     <span class='ocr_line' id='line_1_28' title="bbox 182 1551 981 1632; baseline -0.008 -18"><span class='ocrx_word' id='word_1_198' title='bbox 182 1562 251 1631; x_wconf 81' lang='lat' dir='ltr'>quod</span> <span class='ocrx_word' id='word_1_199' title='bbox 272 1576 371 1632; x_wconf 85' lang='lat' dir='ltr'>pauper</span> <span class='ocrx_word' id='word_1_200' title='bbox 387 1559 487 1623; x_wconf 89' lang='lat' dir='ltr'>uirtuiit,</span> <span class='ocrx_word' id='word_1_201' title='bbox 510 1557 589 1612; x_wconf 89' lang='lat' dir='ltr'>sumis</span> <span class='ocrx_word' id='word_1_202' title='bbox 606 1554 746 1628; x_wconf 76' lang='lat' dir='ltr'>(Cypriam</span> <span class='ocrx_word' id='word_1_203' title='bbox 767 1554 845 1625; x_wconf 84' lang='lat' dir='ltr'>liper.</span> <span class='ocrx_word' id='word_1_204' title='bbox 859 1562 883 1608; x_wconf 87' lang='lat' dir='ltr'>et</span> <span class='ocrx_word' id='word_1_205' title='bbox 905 1551 981 1609; x_wconf 85' lang='lat' dir='ltr'>Eiec-</span> 
     </span>
     <span class='ocr_line' id='line_1_29' title="bbox 182 1634 1835 1724; baseline -0.01 -18"><span class='ocrx_word' id='word_1_206' title='bbox 182 1652 283 1724; x_wconf 84' lang='lat' dir='ltr'>mos.).</span> <span class='ocrx_word' id='word_1_207' title='bbox 314 1651 412 1708; x_wconf 83' lang='lat' dir='ltr'>Verum</span> <span class='ocrx_word' id='word_1_208' title='bbox 440 1648 546 1705; x_wconf 90' lang='lat' dir='ltr'>tametsi</span> <span class='ocrx_word' id='word_1_209' title='bbox 574 1647 681 1717; x_wconf 86' lang='lat' dir='ltr'>quidam</span> <span class='ocrx_word' id='word_1_210' title='bbox 713 1656 776 1702; x_wconf 91' lang='lat' dir='ltr'>tune</span> <span class='ocrx_word' id='word_1_211' title='bbox 806 1646 926 1702; x_wconf 74' lang='lat' dir='ltr'>avarities</span> <span class='ocrx_word' id='word_1_212' title='bbox 942 1646 980 1701; x_wconf 83' lang='lat' dir='ltr'>ai·</span> <span class='ocrx_word' id='word_1_213' title='bbox 1031 1646 1159 1703; x_wconf 85' lang='lat' dir='ltr'>alimentis</span> <span class='ocrx_word' id='word_1_214' title='bbox 1173 1643 1297 1699; x_wconf 77' lang='lat' dir='ltr'>Ecclesia</span> <span class='ocrx_word' id='word_1_215' title='bbox 1306 1642 1472 1704; x_wconf 84' lang='lat' dir='ltr'>sustineatur,</span> <span class='ocrx_word' id='word_1_216' title='bbox 1493 1638 1687 1710; x_wconf 80' lang='lat' dir='ltr'>irup&#39;us&#39;prroqoe</span> <span class='ocrx_word' id='word_1_217' title='bbox 1699 1634 1835 1690; x_wconf 86' lang='lat' dir='ltr'>necessitas</span> 
     </span>
    </p>
   </div>
   <div class='ocr_carea' id='block_1_10' title="bbox 115 1725 1842 3760">
    <p class='ocr_par' dir='ltr' id='par_1_11' title="bbox 115 1725 1842 3760">
     <span class='ocr_line' id='line_1_30' title="bbox 182 1725 1834 1814; baseline -0.01 -19"><span class='ocrx_word' id='word_1_218' title='bbox 182 1743 222 1799; x_wconf 91' lang='lat' dir='ltr'>tio</span> <span class='ocrx_word' id='word_1_219' title='bbox 246 1743 384 1814; x_wconf 87' lang='lat' dir='ltr'>correpti,</span> <span class='ocrx_word' id='word_1_220' title='bbox 398 1740 497 1797; x_wconf 89' lang='lat' dir='ltr'>nuliam</span> <span class='ocrx_word' id='word_1_221' title='bbox 508 1754 541 1795; x_wconf 87' lang='lat' dir='ltr'>ea</span> <span class='ocrx_word' id='word_1_222' title='bbox 553 1738 597 1794; x_wconf 86' lang='lat' dir='ltr'>die</span> <span class='ocrx_word' id='word_1_223' title='bbox 608 1739 706 1809; x_wconf 87' lang='lat' dir='ltr'>stipem</span> <span class='ocrx_word' id='word_1_224' title='bbox 719 1737 873 1793; x_wconf 88' lang='lat' dir='ltr'>eoaierreal</span> <span class='ocrx_word' id='word_1_225' title='bbox 883 1778 891 1803; x_wconf 96' lang='lat'>,</span> <span class='ocrx_word' id='word_1_226' title='bbox 903 1737 980 1791; x_wconf 92' lang='lat' dir='ltr'>multi</span> <span class='ocrx_word' id='word_1_227' title='bbox 1031 1739 1171 1812; x_wconf 81' lang='lat' dir='ltr'>adjurari;</span> <span class='ocrx_word' id='word_1_228' title='bbox 1192 1737 1214 1792; x_wconf 91' lang='lat' dir='ltr'>si</span> <span class='ocrx_word' id='word_1_229' title='bbox 1229 1746 1313 1791; x_wconf 88' lang='lat' dir='ltr'>tamea</span> <span class='ocrx_word' id='word_1_230' title='bbox 1330 1741 1462 1788; x_wconf 87' lang='lat' dir='ltr'>contentus</span> <span class='ocrx_word' id='word_1_231' title='bbox 1475 1733 1507 1786; x_wconf 93' lang='lat' dir='ltr'>sit</span> <span class='ocrx_word' id='word_1_232' title='bbox 1520 1728 1713 1800; x_wconf 70' lang='lat' dir='ltr'>proprioribus,</span> <span class='ocrx_word' id='word_1_233' title='bbox 1728 1725 1772 1782; x_wconf 88' lang='lat' dir='ltr'>scd</span> <span class='ocrx_word' id='word_1_234' title='bbox 1791 1726 1834 1780; x_wconf 89' lang='lat' dir='ltr'>in·</span> 
     </span>
     <span class='ocr_line' id='line_1_31' title="bbox 181 1814 1834 1906; baseline -0.013 -16"><span class='ocrx_word' id='word_1_235' title='bbox 181 1834 356 1890; x_wconf 85' lang='lat' dir='ltr'>nibilominus</span> <span class='ocrx_word' id='word_1_236' title='bbox 372 1835 448 1904; x_wconf 89' lang='lat' dir='ltr'>plura</span> <span class='ocrx_word' id='word_1_237' title='bbox 458 1848 521 1905; x_wconf 73' lang='lat' dir='ltr'>¹non</span> <span class='ocrx_word' id='word_1_238' title='bbox 535 1832 623 1888; x_wconf 89' lang='lat' dir='ltr'>solum</span> <span class='ocrx_word' id='word_1_239' title='bbox 637 1840 766 1886; x_wconf 87' lang='lat' dir='ltr'>asenstrua</span> <span class='ocrx_word' id='word_1_240' title='bbox 780 1830 831 1897; x_wconf 89' lang='lat' dir='ltr'>die,</span> <span class='ocrx_word' id='word_1_241' title='bbox 847 1829 895 1885; x_wconf 88' lang='lat' dir='ltr'>sed</span> <span class='ocrx_word' id='word_1_242' title='bbox 909 1829 979 1885; x_wconf 84' lang='lat' dir='ltr'>siout</span> <span class='ocrx_word' id='word_1_243' title='bbox 993 1846 1017 1906; x_wconf 90' lang='lat' dir='ltr'>B</span> <span class='ocrx_word' id='word_1_244' title='bbox 1031 1830 1178 1886; x_wconf 85' lang='lat' dir='ltr'>nocentibus</span> <span class='ocrx_word' id='word_1_245' title='bbox 1198 1827 1269 1884; x_wconf 84' lang='lat' dir='ltr'>cibis.</span> <span class='ocrx_word' id='word_1_246' title='bbox 1299 1823 1415 1899; x_wconf 84' lang='lat' dir='ltr'>(idem,</span> <span class='ocrx_word' id='word_1_247' title='bbox 1431 1823 1505 1893; x_wconf 84' lang='lat' dir='ltr'>epist.</span> <span class='ocrx_word' id='word_1_248' title='bbox 1528 1820 1547 1874; x_wconf 69' lang='grc' dir='ltr'>Ξ</span> <span class='ocrx_word' id='word_1_249' title='bbox 1561 1860 1569 1886; x_wconf 86' lang='grc'>,</span> <span class='ocrx_word' id='word_1_250' title='bbox 1594 1814 1739 1888; x_wconf 81' lang='lat' dir='ltr'>Erraratio).</span> <span class='ocrx_word' id='word_1_251' title='bbox 1765 1816 1834 1871; x_wconf 86' lang='lat' dir='ltr'>Eum</span> 
     </span>
     <span class='ocr_line' id='line_1_32' title="bbox 182 1908 1833 1994; baseline -0.013 -11"><span class='ocrx_word' id='word_1_252' title='bbox 182 1929 220 1983; x_wconf 85' lang='lat' dir='ltr'>ait</span> <span class='ocrx_word' id='word_1_253' title='bbox 243 1926 434 1991; x_wconf 88' lang='lat' dir='ltr'>Tertullianus,</span> <span class='ocrx_word' id='word_1_254' title='bbox 457 1940 519 1982; x_wconf 89' lang='lat' dir='ltr'>eam</span> <span class='ocrx_word' id='word_1_255' title='bbox 540 1923 678 1988; x_wconf 80' lang='lat' dir='ltr'>uolebant,</span> <span class='ocrx_word' id='word_1_256' title='bbox 705 1922 868 1994; x_wconf 90' lang='lat' dir='ltr'>pauperibus</span> <span class='ocrx_word' id='word_1_257' title='bbox 887 1921 980 1978; x_wconf 88' lang='lat' dir='ltr'>distri·</span> <span class='ocrx_word' id='word_1_258' title='bbox 1032 1924 1122 1994; x_wconf 87' lang='lat' dir='ltr'>itaquo</span> <span class='ocrx_word' id='word_1_259' title='bbox 1148 1923 1174 1975; x_wconf 94' lang='lat' dir='ltr'>in</span> <span class='ocrx_word' id='word_1_260' title='bbox 1201 1917 1328 1986; x_wconf 81' lang='lat' dir='ltr'>modum,</span> <span class='ocrx_word' id='word_1_261' title='bbox 1344 1928 1458 1986; x_wconf 83' lang='lat' dir='ltr'>eamque</span> <span class='ocrx_word' id='word_1_262' title='bbox 1478 1913 1513 1968; x_wconf 89' lang='lat' dir='ltr'>ub</span> <span class='ocrx_word' id='word_1_263' title='bbox 1529 1925 1650 1967; x_wconf 88' lang='lat' dir='ltr'>caussam</span> <span class='ocrx_word' id='word_1_264' title='bbox 1669 1911 1781 1980; x_wconf 86' lang='lat' dir='ltr'>pecunia</span> <span class='ocrx_word' id='word_1_265' title='bbox 1806 1908 1833 1962; x_wconf 91' lang='lat' dir='ltr'>ia</span> 
     </span>
     <span class='ocr_line' id='line_1_33' title="bbox 183 1999 1828 2092; baseline -0.015 -14"><span class='ocrx_word' id='word_1_266' title='bbox 183 2019 288 2078; x_wconf 88' lang='lat' dir='ltr'>buonda</span> <span class='ocrx_word' id='word_1_267' title='bbox 301 2020 492 2092; x_wconf 89' lang='lat' dir='ltr'>largiebantur.</span> <span class='ocrx_word' id='word_1_268' title='bbox 507 2016 545 2074; x_wconf 89' lang='lat' dir='ltr'>ibi</span> <span class='ocrx_word' id='word_1_269' title='bbox 568 2017 708 2075; x_wconf 86' lang='lat' dir='ltr'>enimuero</span> <span class='ocrx_word' id='word_1_270' title='bbox 721 2017 766 2072; x_wconf 88' lang='lat' dir='ltr'>ilie</span> <span class='ocrx_word' id='word_1_271' title='bbox 778 2014 898 2084; x_wconf 70' lang='lat' dir='ltr'>declarat</span> <span class='ocrx_word' id='word_1_272' title='bbox 913 2024 980 2070; x_wconf 90' lang='lat' dir='ltr'>taa-</span> <span class='ocrx_word' id='word_1_273' title='bbox 1031 2013 1178 2090; x_wconf 86' lang='lat' dir='ltr'>syrraaibus</span> <span class='ocrx_word' id='word_1_274' title='bbox 1191 2011 1290 2078; x_wconf 90' lang='lat' dir='ltr'>oblata,</span> <span class='ocrx_word' id='word_1_275' title='bbox 1311 2017 1339 2065; x_wconf 91' lang='lat' dir='ltr'>et</span> <span class='ocrx_word' id='word_1_276' title='bbox 1359 2006 1431 2078; x_wconf 90' lang='lat' dir='ltr'>apud</span> <span class='ocrx_word' id='word_1_277' title='bbox 1444 2005 1557 2061; x_wconf 89' lang='lat' dir='ltr'>clericas</span> <span class='ocrx_word' id='word_1_278' title='bbox 1568 2003 1700 2074; x_wconf 88' lang='lat' dir='ltr'>deposita,</span> <span class='ocrx_word' id='word_1_279' title='bbox 1717 2000 1769 2066; x_wconf 89' lang='lat' dir='ltr'>bis,</span> <span class='ocrx_word' id='word_1_280' title='bbox 1785 1999 1828 2071; x_wconf 80' lang='lat' dir='ltr'>spui</span> 
     </span>
     <span class='ocr_line' id='line_1_34' title="bbox 185 2096 1679 2177; baseline -0.012 -7"><span class='ocrx_word' id='word_1_281' title='bbox 185 2123 238 2172; x_wconf 84' lang='lat' dir='ltr'>lana</span> <span class='ocrx_word' id='word_1_282' title='bbox 249 2114 332 2170; x_wconf 83' lang='lat' dir='ltr'>luisse</span> <span class='ocrx_word' id='word_1_283' title='bbox 345 2113 416 2169; x_wconf 90' lang='lat' dir='ltr'>iilam</span> <span class='ocrx_word' id='word_1_284' title='bbox 430 2111 644 2167; x_wconf 79' lang='lat' dir='ltr'>Christianorum</span> <span class='ocrx_word' id='word_1_285' title='bbox 661 2108 859 2176; x_wconf 69' lang='lat' dir='ltr'>liberalitatem,</span> <span class='ocrx_word' id='word_1_286' title='bbox 873 2107 981 2177; x_wconf 77' lang='lat' dir='ltr'>atejus·</span> <span class='ocrx_word' id='word_1_287' title='bbox 1032 2107 1162 2165; x_wconf 90' lang='lat' dir='ltr'>nominati</span> <span class='ocrx_word' id='word_1_288' title='bbox 1177 2112 1250 2172; x_wconf 86' lang='lat' dir='ltr'>sant,</span> <span class='ocrx_word' id='word_1_289' title='bbox 1266 2101 1447 2173; x_wconf 78' lang='lat' dir='ltr'>indigentibus</span> <span class='ocrx_word' id='word_1_290' title='bbox 1459 2096 1679 2155; x_wconf 84' lang='lat' dir='ltr'>distribuebatur.</span> 
     </span>
     <span class='ocr_line' id='line_1_35' title="bbox 183 2184 1835 2273; baseline -0.013 -11"><span class='ocrx_word' id='word_1_291' title='bbox 183 2207 253 2262; x_wconf 90' lang='lat' dir='ltr'>madi</span> <span class='ocrx_word' id='word_1_292' title='bbox 264 2207 303 2263; x_wconf 86' lang='lat' dir='ltr'>rel</span> <span class='ocrx_word' id='word_1_293' title='bbox 313 2204 432 2261; x_wconf 82' lang='lat' dir='ltr'>oraaima</span> <span class='ocrx_word' id='word_1_294' title='bbox 442 2203 584 2259; x_wconf 82' lang='lat' dir='ltr'>dilectionis</span> <span class='ocrx_word' id='word_1_295' title='bbox 596 2202 710 2273; x_wconf 87' lang='lat' dir='ltr'>operstr&#39;o</span> <span class='ocrx_word' id='word_1_296' title='bbox 720 2209 806 2254; x_wconf 86' lang='lat' dir='ltr'>notam</span> <span class='ocrx_word' id='word_1_297' title='bbox 818 2198 909 2254; x_wconf 75' lang='lat' dir='ltr'>nimiae</span> <span class='ocrx_word' id='word_1_298' title='bbox 919 2210 982 2268; x_wconf 91' lang='lat' dir='ltr'>pro·</span> <span class='ocrx_word' id='word_1_299' title='bbox 1068 2196 1248 2267; x_wconf 81' lang='lat' dir='ltr'>Quamobrem</span> <span class='ocrx_word' id='word_1_300' title='bbox 1260 2193 1440 2250; x_wconf 81' lang='lat' dir='ltr'>Tertullianus</span> <span class='ocrx_word' id='word_1_301' title='bbox 1464 2191 1533 2245; x_wconf 89' lang='lat' dir='ltr'>banc</span> <span class='ocrx_word' id='word_1_302' title='bbox 1546 2187 1753 2245; x_wconf 80' lang='lat' dir='ltr'>eluistiauorum</span> <span class='ocrx_word' id='word_1_303' title='bbox 1770 2184 1835 2240; x_wconf 90' lang='lat' dir='ltr'>cba-</span> 
     </span>
     <span class='ocr_line' id='line_1_36' title="bbox 183 2278 1836 2370; baseline -0.012 -15"><span class='ocrx_word' id='word_1_304' title='bbox 183 2300 229 2359; x_wconf 89' lang='lat' dir='ltr'>cul</span> <span class='ocrx_word' id='word_1_305' title='bbox 247 2299 329 2357; x_wconf 91' lang='lat' dir='ltr'>dubio</span> <span class='ocrx_word' id='word_1_306' title='bbox 351 2298 522 2370; x_wconf 86' lang='lat' dir='ltr'>pecuniarum</span> <span class='ocrx_word' id='word_1_307' title='bbox 538 2295 677 2352; x_wconf 76' lang='lat' dir='ltr'>effusionis</span> <span class='ocrx_word' id='word_1_308' title='bbox 699 2294 772 2348; x_wconf 83' lang='lat' dir='ltr'>nobis</span> <span class='ocrx_word' id='word_1_309' title='bbox 798 2293 884 2347; x_wconf 88' lang='lat' dir='ltr'>iaarat</span> <span class='ocrx_word' id='word_1_310' title='bbox 904 2306 981 2361; x_wconf 81' lang='lat' dir='ltr'>peaes</span> <span class='ocrx_word' id='word_1_311' title='bbox 1033 2297 1151 2360; x_wconf 81' lang='lat' dir='ltr'>ritatem,</span> <span class='ocrx_word' id='word_1_312' title='bbox 1178 2306 1230 2362; x_wconf 84' lang='lat' dir='ltr'>oua</span> <span class='ocrx_word' id='word_1_313' title='bbox 1253 2288 1344 2345; x_wconf 91' lang='lat' dir='ltr'>omnia</span> <span class='ocrx_word' id='word_1_314' title='bbox 1362 2294 1459 2358; x_wconf 88' lang='lat' dir='ltr'>praeter</span> <span class='ocrx_word' id='word_1_315' title='bbox 1473 2298 1579 2348; x_wconf 84' lang='lat' dir='ltr'>uxores,</span> <span class='ocrx_word' id='word_1_316' title='bbox 1596 2281 1740 2337; x_wconf 90' lang='lat' dir='ltr'>indiscreta</span> <span class='ocrx_word' id='word_1_317' title='bbox 1753 2278 1836 2335; x_wconf 86' lang='lat' dir='ltr'>babo·</span> 
     </span>
     <span class='ocr_line' id='line_1_37' title="bbox 115 2371 1838 2468; baseline -0.017 -15"><span class='ocrx_word' id='word_1_318' title='bbox 115 2434 121 2438; x_wconf 95' lang='lat'><em>-</em></span> <span class='ocrx_word' id='word_1_319' title='bbox 184 2395 318 2468; x_wconf 80' lang='lat' dir='ltr'>quosdam,</span> <span class='ocrx_word' id='word_1_320' title='bbox 341 2393 468 2450; x_wconf 72' lang='lat' dir='ltr'>videlicet</span> <span class='ocrx_word' id='word_1_321' title='bbox 490 2390 604 2463; x_wconf 74' lang='lat' dir='ltr'>gentiles</span> <span class='ocrx_word' id='word_1_322' title='bbox 627 2386 803 2461; x_wconf 79' lang='lat' dir='ltr'>(Tertuiiion.</span> <span class='ocrx_word' id='word_1_323' title='bbox 830 2383 979 2456; x_wconf 68' lang='lat' dir='ltr'>Apoloper„</span> <span class='ocrx_word' id='word_1_324' title='bbox 1033 2387 1108 2452; x_wconf 89' lang='lat' dir='ltr'>baal,</span> <span class='ocrx_word' id='word_1_325' title='bbox 1125 2391 1227 2439; x_wconf 85' lang='lat' dir='ltr'>tantrun</span> <span class='ocrx_word' id='word_1_326' title='bbox 1248 2379 1364 2442; x_wconf 86' lang='lat' dir='ltr'>extollit,</span> <span class='ocrx_word' id='word_1_327' title='bbox 1378 2385 1505 2448; x_wconf 74' lang='lat' dir='ltr'>quatitans</span> <span class='ocrx_word' id='word_1_328' title='bbox 1526 2373 1554 2428; x_wconf 89' lang='lat' dir='ltr'>iu</span> <span class='ocrx_word' id='word_1_329' title='bbox 1580 2371 1704 2427; x_wconf 85' lang='lat' dir='ltr'>ethnicos</span> <span class='ocrx_word' id='word_1_330' title='bbox 1721 2385 1792 2436; x_wconf 88' lang='lat' dir='ltr'>earn,</span> <span class='ocrx_word' id='word_1_331' title='bbox 1808 2377 1838 2425; x_wconf 91' lang='lat' dir='ltr'>ut</span> 
     </span>
     <span class='ocr_line' id='line_1_38' title="bbox 186 2461 1836 2560; baseline -0.019 -14"><span class='ocrx_word' id='word_1_332' title='bbox 186 2507 246 2560; x_wconf 82' lang='lat' dir='ltr'>cap.</span> <span class='ocrx_word' id='word_1_333' title='bbox 262 2489 309 2555; x_wconf 78' lang='lat'>39,</span> <span class='ocrx_word' id='word_1_334' title='bbox 322 2504 350 2560; x_wconf 87' lang='lat' dir='ltr'>p.</span> <span class='ocrx_word' id='word_1_335' title='bbox 364 2485 448 2560; x_wconf 80' lang='lat' dir='ltr'>stt).</span> <span class='ocrx_word' id='word_1_336' title='bbox 1033 2493 1115 2550; x_wconf 90' lang='lat' dir='ltr'>supra</span> <span class='ocrx_word' id='word_1_337' title='bbox 1139 2473 1316 2539; x_wconf 85' lang='lat' dir='ltr'>ostendimus,</span> <span class='ocrx_word' id='word_1_338' title='bbox 1337 2467 1449 2527; x_wconf 85' lang='lat' dir='ltr'>avaritia</span> <span class='ocrx_word' id='word_1_339' title='bbox 1472 2476 1500 2523; x_wconf 88' lang='lat' dir='ltr'>et</span> <span class='ocrx_word' id='word_1_340' title='bbox 1524 2464 1670 2537; x_wconf 89' lang='lat' dir='ltr'>cupiditate</span> <span class='ocrx_word' id='word_1_341' title='bbox 1692 2461 1836 2518; x_wconf 88' lang='lat' dir='ltr'>insatiabili</span> 
     </span>
     <span class='ocr_line' id='line_1_39' title="bbox 220 2553 1835 2650; baseline -0.017 -14"><span class='ocrx_word' id='word_1_342' title='bbox 220 2583 325 2650; x_wconf 89' lang='lat' dir='ltr'>Quanta</span> <span class='ocrx_word' id='word_1_343' title='bbox 339 2587 428 2635; x_wconf 89' lang='lat' dir='ltr'>autem</span> <span class='ocrx_word' id='word_1_344' title='bbox 442 2585 516 2634; x_wconf 88' lang='lat' dir='ltr'>esset</span> <span class='ocrx_word' id='word_1_345' title='bbox 536 2578 581 2634; x_wconf 90' lang='lat' dir='ltr'>illa</span> <span class='ocrx_word' id='word_1_346' title='bbox 596 2576 810 2646; x_wconf 78' lang='lat' dir='ltr'>Christianorum</span> <span class='ocrx_word' id='word_1_347' title='bbox 830 2572 937 2645; x_wconf 73' lang='lat' dir='ltr'>largitio</span> <span class='ocrx_word' id='word_1_348' title='bbox 949 2585 982 2628; x_wconf 89' lang='lat' dir='ltr'>ac</span> <span class='ocrx_word' id='word_1_349' title='bbox 1033 2572 1193 2628; x_wconf 84' lang='lat' dir='ltr'>dirimentes</span> <span class='ocrx_word' id='word_1_350' title='bbox 1221 2565 1356 2626; x_wconf 76' lang='lat' dir='ltr'>invelatas</span> <span class='ocrx_word' id='word_1_351' title='bbox 1386 2561 1553 2634; x_wconf 76' lang='lat' dir='ltr'>(Turullium.</span> <span class='ocrx_word' id='word_1_352' title='bbox 1568 2557 1702 2629; x_wconf 76' lang='lat' dir='ltr'>apologet.</span> <span class='ocrx_word' id='word_1_353' title='bbox 1716 2572 1774 2626; x_wconf 85' lang='lat' dir='ltr'>cop.</span> <span class='ocrx_word' id='word_1_354' title='bbox 1788 2553 1835 2620; x_wconf 81' lang='lat'>59,</span> 
     </span>
     <span class='ocr_line' id='line_1_40' title="bbox 184 2645 1836 2742; baseline -0.019 -12"><span class='ocrx_word' id='word_1_355' title='bbox 184 2672 360 2730; x_wconf 89' lang='lat' dir='ltr'>beoelicentia</span> <span class='ocrx_word' id='word_1_356' title='bbox 373 2687 406 2727; x_wconf 83' lang='lat' dir='ltr'>es</span> <span class='ocrx_word' id='word_1_357' title='bbox 421 2671 646 2742; x_wconf 82' lang='lat' dir='ltr'>subsequentibus</span> <span class='ocrx_word' id='word_1_358' title='bbox 668 2668 758 2724; x_wconf 88' lang='lat' dir='ltr'>adbuc</span> <span class='ocrx_word' id='word_1_359' title='bbox 770 2679 901 2740; x_wconf 76' lang='lat' dir='ltr'>agnosces</span> <span class='ocrx_word' id='word_1_360' title='bbox 912 2664 981 2721; x_wconf 87' lang='lat' dir='ltr'>Ter·</span> <span class='ocrx_word' id='word_1_361' title='bbox 1035 2681 1096 2735; x_wconf 82' lang='lat' dir='ltr'>pap.</span> <span class='ocrx_word' id='word_1_362' title='bbox 1110 2661 1187 2730; x_wconf 84' lang='lat' dir='ltr'>tlt).</span> <span class='ocrx_word' id='word_1_363' title='bbox 1198 2659 1254 2715; x_wconf 85' lang='lat' dir='ltr'>Nee</span> <span class='ocrx_word' id='word_1_364' title='bbox 1268 2658 1378 2722; x_wconf 90' lang='lat' dir='ltr'>mirum,</span> <span class='ocrx_word' id='word_1_365' title='bbox 1390 2655 1426 2709; x_wconf 91' lang='lat' dir='ltr'>ait</span> <span class='ocrx_word' id='word_1_366' title='bbox 1442 2653 1497 2716; x_wconf 89' lang='lat' dir='ltr'>illc,</span> <span class='ocrx_word' id='word_1_367' title='bbox 1512 2651 1534 2706; x_wconf 92' lang='lat' dir='ltr'>si</span> <span class='ocrx_word' id='word_1_368' title='bbox 1549 2650 1583 2705; x_wconf 87' lang='lat' dir='ltr'>ab</span> <span class='ocrx_word' id='word_1_369' title='bbox 1597 2646 1749 2703; x_wconf 83' lang='lat' dir='ltr'>bominibus</span> <span class='ocrx_word' id='word_1_370' title='bbox 1768 2645 1836 2700; x_wconf 89' lang='lat' dir='ltr'>adeo</span> 
     </span>
     <span class='ocr_line' id='line_1_41' title="bbox 184 2736 1837 2836; baseline -0.019 -15"><span class='ocrx_word' id='word_1_371' title='bbox 184 2765 287 2822; x_wconf 88' lang='lat' dir='ltr'>tulliani</span> <span class='ocrx_word' id='word_1_372' title='bbox 300 2764 400 2829; x_wconf 82' lang='lat' dir='ltr'>verbis,</span> <span class='ocrx_word' id='word_1_373' title='bbox 412 2763 509 2836; x_wconf 90' lang='lat' dir='ltr'>quibus</span> <span class='ocrx_word' id='word_1_374' title='bbox 519 2771 613 2834; x_wconf 86' lang='lat' dir='ltr'>aperte</span> <span class='ocrx_word' id='word_1_375' title='bbox 625 2769 763 2828; x_wconf 80' lang='lat' dir='ltr'>asseverat</span> <span class='ocrx_word' id='word_1_376' title='bbox 772 2775 843 2825; x_wconf 85' lang='lat' dir='ltr'>eam,</span> <span class='ocrx_word' id='word_1_377' title='bbox 854 2767 982 2829; x_wconf 89' lang='lat' dir='ltr'>tanquam</span> <span class='ocrx_word' id='word_1_378' title='bbox 1034 2756 1123 2811; x_wconf 83' lang='lat' dir='ltr'>avaris</span> <span class='ocrx_word' id='word_1_379' title='bbox 1149 2768 1200 2809; x_wconf 89' lang='lat' dir='ltr'>nee</span> <span class='ocrx_word' id='word_1_380' title='bbox 1223 2750 1369 2808; x_wconf 85' lang='lat' dir='ltr'>christiana</span> <span class='ocrx_word' id='word_1_381' title='bbox 1393 2745 1522 2812; x_wconf 83' lang='lat' dir='ltr'>religione</span> <span class='ocrx_word' id='word_1_382' title='bbox 1549 2739 1658 2795; x_wconf 88' lang='lat' dir='ltr'>imbutis</span> <span class='ocrx_word' id='word_1_383' title='bbox 1673 2736 1837 2798; x_wconf 74' lang='lat' dir='ltr'>conaturam</span> 
     </span>
     <span class='ocr_line' id='line_1_42' title="bbox 184 2828 1842 2929; baseline -0.019 -15"><span class='ocrx_word' id='word_1_384' title='bbox 184 2856 291 2929; x_wconf 88' lang='lat' dir='ltr'>pietatis</span> <span class='ocrx_word' id='word_1_385' title='bbox 309 2856 471 2928; x_wconf 87' lang='lat' dir='ltr'>depositum.</span> <span class='ocrx_word' id='word_1_386' title='bbox 487 2855 668 2927; x_wconf 87' lang='lat' dir='ltr'>dispensatam</span> <span class='ocrx_word' id='word_1_387' title='bbox 682 2852 765 2908; x_wconf 87' lang='lat' dir='ltr'>luisse</span> <span class='ocrx_word' id='word_1_388' title='bbox 779 2852 864 2924; x_wconf 76' lang='lat' dir='ltr'>egeras</span> <span class='ocrx_word' id='word_1_389' title='bbox 883 2850 983 2906; x_wconf 74' lang='lat' dir='ltr'>mendis</span> <span class='ocrx_word' id='word_1_390' title='bbox 1036 2829 1240 2910; x_wconf 72' lang='lat' dir='ltr'>tantummono,</span> <span class='ocrx_word' id='word_1_391' title='bbox 1249 2842 1287 2899; x_wconf 89' lang='lat' dir='ltr'>uti</span> <span class='ocrx_word' id='word_1_392' title='bbox 1301 2842 1326 2897; x_wconf 91' lang='lat' dir='ltr'>in</span> <span class='ocrx_word' id='word_1_393' title='bbox 1337 2835 1532 2908; x_wconf 85' lang='lat' dir='ltr'>antirprioribas</span> <span class='ocrx_word' id='word_1_394' title='bbox 1544 2831 1642 2887; x_wconf 90' lang='lat' dir='ltr'>nostris</span> <span class='ocrx_word' id='word_1_395' title='bbox 1652 2828 1799 2893; x_wconf 82' lang='lat' dir='ltr'>codicibus,</span> <span class='ocrx_word' id='word_1_396' title='bbox 1809 2837 1842 2914; x_wconf 33' lang='lat' dir='ltr'>etl</span> 
     </span>
     <span class='ocr_line' id='line_1_43' title="bbox 185 2924 1835 3020; baseline -0.019 -16"><span class='ocrx_word' id='word_1_397' title='bbox 185 2949 380 3020; x_wconf 83' lang='lat' dir='ltr'>bsnroadisarre,</span> <span class='ocrx_word' id='word_1_398' title='bbox 398 2957 421 3003; x_wconf 89' lang='lat' dir='ltr'>et</span> <span class='ocrx_word' id='word_1_399' title='bbox 435 2948 531 3018; x_wconf 87' lang='lat' dir='ltr'>pueris,</span> <span class='ocrx_word' id='word_1_400' title='bbox 555 2963 585 3002; x_wconf 89' lang='lat' dir='ltr'>ao</span> <span class='ocrx_word' id='word_1_401' title='bbox 608 2946 712 3018; x_wconf 85' lang='lat' dir='ltr'>puellis,</span> <span class='ocrx_word' id='word_1_402' title='bbox 735 2955 763 2999; x_wconf 88' lang='lat' dir='ltr'>re</span> <span class='ocrx_word' id='word_1_403' title='bbox 779 2959 815 2997; x_wconf 87' lang='lat' dir='ltr'>oe</span> <span class='ocrx_word' id='word_1_404' title='bbox 834 2941 983 3014; x_wconf 84' lang='lat' dir='ltr'>pareatibus</span> <span class='ocrx_word' id='word_1_405' title='bbox 1035 2942 1063 2997; x_wconf 91' lang='lat' dir='ltr'>in</span> <span class='ocrx_word' id='word_1_406' title='bbox 1084 2937 1201 3010; x_wconf 79' lang='lat' dir='ltr'>antiquis</span> <span class='ocrx_word' id='word_1_407' title='bbox 1215 2933 1379 2991; x_wconf 87' lang='lat' dir='ltr'>editionibus</span> <span class='ocrx_word' id='word_1_408' title='bbox 1393 2930 1582 2999; x_wconf 86' lang='lat' dir='ltr'>scriptumest,</span> <span class='ocrx_word' id='word_1_409' title='bbox 1594 2924 1620 2979; x_wconf 89' lang='lat' dir='ltr'>in</span> <span class='ocrx_word' id='word_1_410' title='bbox 1635 2932 1732 2994; x_wconf 81' lang='lat' dir='ltr'>quarto</span> <span class='ocrx_word' id='word_1_411' title='bbox 1745 2930 1835 2976; x_wconf 90' lang='lat' dir='ltr'>autern</span> 
     </span>
     <span class='ocr_line' id='line_1_44' title="bbox 185 3012 1835 3111; baseline -0.016 -17"><span class='ocrx_word' id='word_1_412' title='bbox 185 3040 320 3107; x_wconf 73' lang='lat' dir='ltr'>claritatis,</span> <span class='ocrx_word' id='word_1_413' title='bbox 334 3041 439 3111; x_wconf 76' lang='lat' dir='ltr'>pampro</span> <span class='ocrx_word' id='word_1_414' title='bbox 450 3040 594 3095; x_wconf 86' lang='lat' dir='ltr'>dorrrestieis</span> <span class='ocrx_word' id='word_1_415' title='bbox 605 3038 717 3101; x_wconf 83' lang='lat' dir='ltr'>senibus,</span> <span class='ocrx_word' id='word_1_416' title='bbox 731 3037 790 3091; x_wconf 82' lang='lat' dir='ltr'>item</span> <span class='ocrx_word' id='word_1_417' title='bbox 802 3035 949 3106; x_wconf 72' lang='lat' dir='ltr'>nauprapim</span> <span class='ocrx_word' id='word_1_418' title='bbox 958 3042 983 3089; x_wconf 90' lang='lat' dir='ltr'>et</span> <span class='ocrx_word' id='word_1_419' title='bbox 1035 3030 1194 3103; x_wconf 91' lang='lat' dir='ltr'>simpliciter</span> <span class='ocrx_word' id='word_1_420' title='bbox 1207 3027 1327 3090; x_wconf 84' lang='lat' dir='ltr'>rtotoror,</span> <span class='ocrx_word' id='word_1_421' title='bbox 1340 3022 1387 3079; x_wconf 90' lang='lat' dir='ltr'>sed</span> <span class='ocrx_word' id='word_1_422' title='bbox 1401 3018 1497 3076; x_wconf 88' lang='lat' dir='ltr'>eodem</span> <span class='ocrx_word' id='word_1_423' title='bbox 1510 3031 1619 3087; x_wconf 87' lang='lat' dir='ltr'>semper</span> <span class='ocrx_word' id='word_1_424' title='bbox 1631 3030 1723 3071; x_wconf 86' lang='lat' dir='ltr'>sensu.</span> <span class='ocrx_word' id='word_1_425' title='bbox 1743 3012 1835 3085; x_wconf 85' lang='lat' dir='ltr'>Rignl·</span> 
     </span>
     <span class='ocr_line' id='line_1_45' title="bbox 185 3107 1836 3204; baseline -0.016 -17"><span class='ocrx_word' id='word_1_426' title='bbox 185 3133 207 3187; x_wconf 89' lang='lat' dir='ltr'>si</span> <span class='ocrx_word' id='word_1_427' title='bbox 218 3132 261 3204; x_wconf 83' lang='lat' dir='ltr'>oui</span> <span class='ocrx_word' id='word_1_428' title='bbox 275 3132 302 3186; x_wconf 91' lang='lat' dir='ltr'>ia</span> <span class='ocrx_word' id='word_1_429' title='bbox 315 3131 435 3198; x_wconf 82' lang='lat' dir='ltr'>rastellis,</span> <span class='ocrx_word' id='word_1_430' title='bbox 448 3131 505 3186; x_wconf 88' lang='lat' dir='ltr'>sire</span> <span class='ocrx_word' id='word_1_431' title='bbox 516 3129 550 3186; x_wconf 91' lang='lat' dir='ltr'>ad</span> <span class='ocrx_word' id='word_1_432' title='bbox 564 3129 671 3185; x_wconf 89' lang='lat' dir='ltr'>metalla</span> <span class='ocrx_word' id='word_1_433' title='bbox 683 3126 813 3191; x_wconf 87' lang='lat' dir='ltr'>damnati,</span> <span class='ocrx_word' id='word_1_434' title='bbox 829 3136 853 3181; x_wconf 87' lang='lat' dir='ltr'>et</span> <span class='ocrx_word' id='word_1_435' title='bbox 866 3125 942 3197; x_wconf 81' lang='lat' dir='ltr'>siqui</span> <span class='ocrx_word' id='word_1_436' title='bbox 955 3126 982 3180; x_wconf 93' lang='lat' dir='ltr'>ia</span> <span class='ocrx_word' id='word_1_437' title='bbox 1035 3126 1089 3181; x_wconf 90' lang='lat' dir='ltr'>tius</span> <span class='ocrx_word' id='word_1_438' title='bbox 1102 3134 1191 3179; x_wconf 91' lang='lat' dir='ltr'>tamen</span> <span class='ocrx_word' id='word_1_439' title='bbox 1202 3127 1294 3176; x_wconf 86' lang='lat' dir='ltr'>eontra</span> <span class='ocrx_word' id='word_1_440' title='bbox 1304 3115 1427 3173; x_wconf 88' lang='lat' dir='ltr'>codicum</span> <span class='ocrx_word' id='word_1_441' title='bbox 1442 3112 1563 3167; x_wconf 87' lang='lat' dir='ltr'>omnium</span> <span class='ocrx_word' id='word_1_442' title='bbox 1576 3108 1656 3163; x_wconf 81' lang='lat' dir='ltr'>fidem</span> <span class='ocrx_word' id='word_1_443' title='bbox 1670 3107 1758 3177; x_wconf 86' lang='lat' dir='ltr'>posuit</span> <span class='ocrx_word' id='word_1_444' title='bbox 1772 3123 1836 3162; x_wconf 89' lang='lat' dir='ltr'>can·</span> 
     </span>
     <span class='ocr_line' id='line_1_46' title="bbox 183 3199 1834 3293; baseline -0.015 -16"><span class='ocrx_word' id='word_1_445' title='bbox 183 3223 284 3289; x_wconf 85' lang='lat' dir='ltr'>iasuis&#39;s,</span> <span class='ocrx_word' id='word_1_446' title='bbox 301 3238 349 3279; x_wconf 90' lang='lat' dir='ltr'>seu</span> <span class='ocrx_word' id='word_1_447' title='bbox 365 3224 391 3278; x_wconf 92' lang='lat' dir='ltr'>in</span> <span class='ocrx_word' id='word_1_448' title='bbox 406 3222 509 3278; x_wconf 89' lang='lat' dir='ltr'>insulas</span> <span class='ocrx_word' id='word_1_449' title='bbox 519 3222 641 3293; x_wconf 87' lang='lat' dir='ltr'>relegati,</span> <span class='ocrx_word' id='word_1_450' title='bbox 656 3221 694 3276; x_wconf 91' lang='lat' dir='ltr'>uei</span> <span class='ocrx_word' id='word_1_451' title='bbox 706 3222 734 3275; x_wconf 90' lang='lat' dir='ltr'>in</span> <span class='ocrx_word' id='word_1_452' title='bbox 744 3218 874 3285; x_wconf 86' lang='lat' dir='ltr'>custodiis,</span> <span class='ocrx_word' id='word_1_453' title='bbox 891 3218 981 3286; x_wconf 89' lang='lat' dir='ltr'>idest,</span> <span class='ocrx_word' id='word_1_454' title='bbox 1034 3220 1143 3281; x_wconf 83' lang='lat' dir='ltr'>uisatur,</span> <span class='ocrx_word' id='word_1_455' title='bbox 1160 3214 1253 3278; x_wconf 85' lang='lat' dir='ltr'>idest,</span> <span class='ocrx_word' id='word_1_456' title='bbox 1279 3208 1425 3266; x_wconf 81' lang='lat' dir='ltr'>christiana</span> <span class='ocrx_word' id='word_1_457' title='bbox 1444 3202 1561 3261; x_wconf 82' lang='lat' dir='ltr'>clamitas</span> <span class='ocrx_word' id='word_1_458' title='bbox 1585 3199 1738 3257; x_wconf 82' lang='lat' dir='ltr'>conuiuium</span> <span class='ocrx_word' id='word_1_459' title='bbox 1761 3199 1834 3253; x_wconf 91' lang='lat' dir='ltr'>lucit.</span> 
     </span>
     <span class='ocr_line' id='line_1_47' title="bbox 182 3289 1835 3381; baseline -0.018 -9"><span class='ocrx_word' id='word_1_460' title='bbox 182 3316 350 3381; x_wconf 83' lang='lat' dir='ltr'>carceribus,</span> <span class='ocrx_word' id='word_1_461' title='bbox 364 3316 488 3371; x_wconf 81' lang='lat' dir='ltr'>duntaxat</span> <span class='ocrx_word' id='word_1_462' title='bbox 502 3332 534 3371; x_wconf 83' lang='lat' dir='ltr'>ea</span> <span class='ocrx_word' id='word_1_463' title='bbox 546 3331 638 3370; x_wconf 90' lang='lat' dir='ltr'>eousso</span> <span class='ocrx_word' id='word_1_464' title='bbox 651 3314 701 3370; x_wconf 83' lang='lat' dir='ltr'>Dei</span> <span class='ocrx_word' id='word_1_465' title='bbox 712 3323 796 3378; x_wconf 84' lang='lat' dir='ltr'>sertae,</span> <span class='ocrx_word' id='word_1_466' title='bbox 811 3312 911 3368; x_wconf 89' lang='lat' dir='ltr'>alumni</span> <span class='ocrx_word' id='word_1_467' title='bbox 920 3328 982 3367; x_wconf 91' lang='lat' dir='ltr'>eoa·</span> <span class='ocrx_word' id='word_1_468' title='bbox 1034 3309 1089 3368; x_wconf 86' lang='lat' dir='ltr'>Sed</span> <span class='ocrx_word' id='word_1_469' title='bbox 1106 3308 1164 3363; x_wconf 76' lang='lat' dir='ltr'>bare</span> <span class='ocrx_word' id='word_1_470' title='bbox 1179 3302 1312 3361; x_wconf 81' lang='lat' dir='ltr'>comestio</span> <span class='ocrx_word' id='word_1_471' title='bbox 1338 3299 1437 3356; x_wconf 90' lang='lat' dir='ltr'>nuliius</span> <span class='ocrx_word' id='word_1_472' title='bbox 1452 3294 1574 3351; x_wconf 90' lang='lat' dir='ltr'>iirmatur</span> <span class='ocrx_word' id='word_1_473' title='bbox 1594 3291 1696 3349; x_wconf 87' lang='lat' dir='ltr'>codicis</span> <span class='ocrx_word' id='word_1_474' title='bbox 1717 3289 1835 3345; x_wconf 89' lang='lat' dir='ltr'>auctori-</span> 
     </span>
     <span class='ocr_line' id='line_1_48' title="bbox 183 3379 1836 3483; baseline -0.02 -16"><span class='ocrx_word' id='word_1_475' title='bbox 183 3410 301 3480; x_wconf 70' lang='lat' dir='ltr'>[saionis</span> <span class='ocrx_word' id='word_1_476' title='bbox 312 3426 365 3465; x_wconf 84' lang='lat' dir='ltr'>sure</span> <span class='ocrx_word' id='word_1_477' title='bbox 376 3412 440 3480; x_wconf 73' lang='lat' dir='ltr'>paru</span> <span class='ocrx_word' id='word_1_478' title='bbox 454 3410 561 3483; x_wconf 77' lang='lat' dir='ltr'>(latu),</span> <span class='ocrx_word' id='word_1_479' title='bbox 577 3409 628 3466; x_wconf 93' lang='lat' dir='ltr'>boc</span> <span class='ocrx_word' id='word_1_480' title='bbox 639 3419 691 3477; x_wconf 90' lang='lat' dir='ltr'>est,</span> <span class='ocrx_word' id='word_1_481' title='bbox 704 3408 858 3466; x_wconf 77' lang='lat' dir='ltr'>christianae</span> <span class='ocrx_word' id='word_1_482' title='bbox 872 3407 981 3479; x_wconf 78' lang='lat' dir='ltr'>religio-</span> <span class='ocrx_word' id='word_1_483' title='bbox 1033 3413 1099 3460; x_wconf 88' lang='lat' dir='ltr'>tate.</span> <span class='ocrx_word' id='word_1_484' title='bbox 1112 3397 1215 3456; x_wconf 77' lang='lat' dir='ltr'>Deinde</span> <span class='ocrx_word' id='word_1_485' title='bbox 1230 3410 1294 3450; x_wconf 86' lang='lat' dir='ltr'>aero</span> <span class='ocrx_word' id='word_1_486' title='bbox 1308 3392 1343 3448; x_wconf 92' lang='lat' dir='ltr'>ibi</span> <span class='ocrx_word' id='word_1_487' title='bbox 1356 3388 1537 3447; x_wconf 86' lang='lat' dir='ltr'>Tertullianus</span> <span class='ocrx_word' id='word_1_488' title='bbox 1546 3384 1665 3456; x_wconf 66' lang='lat' dir='ltr'>loquipur</span> <span class='ocrx_word' id='word_1_489' title='bbox 1674 3382 1707 3438; x_wconf 94' lang='lat' dir='ltr'>de</span> <span class='ocrx_word' id='word_1_490' title='bbox 1718 3379 1836 3437; x_wconf 90' lang='lat' dir='ltr'>iraterua</span> 
     </span>
     <span class='ocr_line' id='line_1_49' title="bbox 183 3473 1835 3575; baseline -0.018 -17"><span class='ocrx_word' id='word_1_491' title='bbox 183 3504 227 3558; x_wconf 90' lang='lat' dir='ltr'>ais</span> <span class='ocrx_word' id='word_1_492' title='bbox 241 3512 399 3570; x_wconf 88' lang='lat' dir='ltr'>sectatores,</span> <span class='ocrx_word' id='word_1_493' title='bbox 420 3503 466 3575; x_wconf 87' lang='lat' dir='ltr'>qai</span> <span class='ocrx_word' id='word_1_494' title='bbox 485 3505 521 3560; x_wconf 90' lang='lat' dir='ltr'>ob</span> <span class='ocrx_word' id='word_1_495' title='bbox 544 3503 603 3575; x_wconf 81' lang='lat' dir='ltr'>ejus</span> <span class='ocrx_word' id='word_1_496' title='bbox 625 3503 823 3559; x_wconf 79' lang='lat' dir='ltr'>consessionem</span> <span class='ocrx_word' id='word_1_497' title='bbox 838 3501 881 3558; x_wconf 89' lang='lat' dir='ltr'>bis</span> <span class='ocrx_word' id='word_1_498' title='bbox 894 3501 982 3573; x_wconf 87' lang='lat' dir='ltr'>poenis</span> <span class='ocrx_word' id='word_1_499' title='bbox 1033 3495 1177 3559; x_wconf 82' lang='lat' dir='ltr'>charitato,</span> <span class='ocrx_word' id='word_1_500' title='bbox 1191 3488 1225 3546; x_wconf 89' lang='lat' dir='ltr'>ab</span> <span class='ocrx_word' id='word_1_501' title='bbox 1238 3485 1353 3544; x_wconf 89' lang='lat' dir='ltr'>etbnlcis</span> <span class='ocrx_word' id='word_1_502' title='bbox 1368 3481 1436 3539; x_wconf 89' lang='lat' dir='ltr'>adeo</span> <span class='ocrx_word' id='word_1_503' title='bbox 1451 3479 1558 3544; x_wconf 86' lang='lat' dir='ltr'>uiolata,</span> <span class='ocrx_word' id='word_1_504' title='bbox 1581 3484 1610 3531; x_wconf 94' lang='lat' dir='ltr'>ut</span> <span class='ocrx_word' id='word_1_505' title='bbox 1627 3473 1835 3530; x_wconf 82' lang='lat' dir='ltr'>christianornm</span> 
     </span>
     <span class='ocr_line' id='line_1_50' title="bbox 183 3567 1835 3664; baseline -0.021 -13"><span class='ocrx_word' id='word_1_506' title='bbox 183 3593 285 3662; x_wconf 89' lang='lat' dir='ltr'>allecti,</span> <span class='ocrx_word' id='word_1_507' title='bbox 299 3598 411 3664; x_wconf 87' lang='lat' dir='ltr'>pecunia</span> <span class='ocrx_word' id='word_1_508' title='bbox 426 3612 440 3649; x_wconf 89' lang='lat' dir='ltr'>a</span> <span class='ocrx_word' id='word_1_509' title='bbox 456 3596 613 3653; x_wconf 89' lang='lat' dir='ltr'>cbristiaais</span> <span class='ocrx_word' id='word_1_510' title='bbox 625 3596 774 3654; x_wconf 86' lang='lat' dir='ltr'>liberaliter</span> <span class='ocrx_word' id='word_1_511' title='bbox 790 3594 887 3651; x_wconf 92' lang='lat' dir='ltr'>collata</span> <span class='ocrx_word' id='word_1_512' title='bbox 900 3595 981 3650; x_wconf 80' lang='lat' dir='ltr'>alun-</span> <span class='ocrx_word' id='word_1_513' title='bbox 1033 3586 1155 3650; x_wconf 80' lang='lat' dir='ltr'>ronulas,</span> <span class='ocrx_word' id='word_1_514' title='bbox 1183 3580 1280 3653; x_wconf 84' lang='lat' dir='ltr'>quibus</span> <span class='ocrx_word' id='word_1_515' title='bbox 1310 3592 1341 3632; x_wconf 88' lang='lat' dir='ltr'>ea</span> <span class='ocrx_word' id='word_1_516' title='bbox 1362 3573 1530 3646; x_wconf 90' lang='lat' dir='ltr'>potissimum</span> <span class='ocrx_word' id='word_1_517' title='bbox 1555 3567 1687 3633; x_wconf 85' lang='lat' dir='ltr'>alebatur,</span> <span class='ocrx_word' id='word_1_518' title='bbox 1710 3574 1835 3635; x_wconf 83' lang='lat' dir='ltr'>tanquam</span> 
     </span>
     <span class='ocr_line' id='line_1_51' title="bbox 185 3655 1768 3760; baseline -0.021 -16"><span class='ocrx_word' id='word_1_519' title='bbox 185 3696 239 3745; x_wconf 86' lang='lat' dir='ltr'>tar.</span> <span class='ocrx_word' id='word_1_520' title='bbox 255 3687 435 3757; x_wconf 81' lang='lat' dir='ltr'>Quamobrem</span> <span class='ocrx_word' id='word_1_521' title='bbox 455 3690 502 3746; x_wconf 89' lang='lat' dir='ltr'>illo</span> <span class='ocrx_word' id='word_1_522' title='bbox 523 3704 601 3745; x_wconf 91' lang='lat' dir='ltr'>suum</span> <span class='ocrx_word' id='word_1_523' title='bbox 622 3688 656 3744; x_wconf 89' lang='lat' dir='ltr'>ad</span> <span class='ocrx_word' id='word_1_524' title='bbox 678 3687 809 3760; x_wconf 84' lang='lat' dir='ltr'>ilartyres</span> <span class='ocrx_word' id='word_1_525' title='bbox 828 3686 927 3742; x_wconf 89' lang='lat' dir='ltr'>librum</span> <span class='ocrx_word' id='word_1_526' title='bbox 941 3686 981 3743; x_wconf 87' lang='lat' dir='ltr'>sic</span> <span class='ocrx_word' id='word_1_527' title='bbox 1033 3677 1159 3753; x_wconf 86' lang='lat' dir='ltr'>prodigas</span> <span class='ocrx_word' id='word_1_528' title='bbox 1173 3671 1343 3731; x_wconf 87' lang='lat' dir='ltr'>irriamareat.</span> <span class='ocrx_word' id='word_1_529' title='bbox 1363 3665 1417 3725; x_wconf 78' lang='lat' dir='ltr'>Sed</span> <span class='ocrx_word' id='word_1_530' title='bbox 1430 3664 1464 3721; x_wconf 87' lang='lat' dir='ltr'>de</span> <span class='ocrx_word' id='word_1_531' title='bbox 1479 3664 1521 3718; x_wconf 89' lang='lat' dir='ltr'>bis</span> <span class='ocrx_word' id='word_1_532' title='bbox 1535 3674 1607 3716; x_wconf 90' lang='lat' dir='ltr'>nuno</span> <span class='ocrx_word' id='word_1_533' title='bbox 1624 3655 1768 3730; x_wconf 79' lang='lat' dir='ltr'>agendum.</span> 
     </span>
    </p>
   </div>
   <div class='ocr_carea' id='block_1_11' title="bbox 184 3779 1545 3851">
    <p class='ocr_par' dir='ltr' id='par_1_12' title="bbox 184 3779 1545 3851">
     <span class='ocr_line' id='line_1_52' title="bbox 184 3779 1545 3851; baseline -0.005 -12"><span class='ocrx_word' id='word_1_534' title='bbox 184 3782 308 3839; x_wconf 86' lang='lat' dir='ltr'>orditur:</span> <span class='ocrx_word' id='word_1_535' title='bbox 322 3782 394 3838; x_wconf 91' lang='lat' dir='ltr'>inter</span> <span class='ocrx_word' id='word_1_536' title='bbox 407 3784 492 3838; x_wconf 86' lang='lat' dir='ltr'>caruis</span> <span class='ocrx_word' id='word_1_537' title='bbox 514 3783 646 3849; x_wconf 88' lang='lat' dir='ltr'>alimento,</span> <span class='ocrx_word' id='word_1_538' title='bbox 664 3780 787 3836; x_wconf 83' lang='lat' dir='ltr'>benedieti</span> <span class='ocrx_word' id='word_1_539' title='bbox 800 3790 925 3851; x_wconf 77' lang='lat' dir='ltr'>martyres</span> <span class='ocrx_word' id='word_1_540' title='bbox 938 3779 982 3834; x_wconf 89' lang='lat' dir='ltr'>de-</span> <span class='ocrx_word' id='word_1_541' title='bbox 1339 3794 1488 3840; x_wconf 68' lang='lat' dir='ltr'>pamerras</span> <span class='ocrx_word' id='word_1_542' title='bbox 1506 3793 1545 3834; x_wconf 90' lang='grc' dir='ltr'><strong>ιιι.</strong></span> 
     </span>
    </p>
   </div>
   <div class='ocr_carea' id='block_1_12' title="bbox 182 3872 1836 4075">
    <p class='ocr_par' dir='ltr' id='par_1_13' title="bbox 182 3872 1836 4075">
     <span class='ocr_line' id='line_1_53' title="bbox 182 3872 1836 3979; baseline -0.023 1"><span class='ocrx_word' id='word_1_543' title='bbox 182 3875 284 3979; x_wconf 41' lang='lat' dir='ltr'>‘iinon&#39;</span> <span class='ocrx_word' id='word_1_544' title='bbox 299 3891 357 3977; x_wconf 58' lang='lat' dir='ltr'>‘im</span> <span class='ocrx_word' id='word_1_545' title='bbox 368 3874 436 3978; x_wconf 49' lang='lat' dir='ltr'><em>Q</em></span> <span class='ocrx_word' id='word_1_546' title='bbox 449 3883 473 3929; x_wconf 51' lang='grc' dir='ltr'>ει</span> <span class='ocrx_word' id='word_1_547' title='bbox 487 3875 680 3979; x_wconf 55' lang='lat' dir='ltr'>d⁰mma.m⁰⁸⁶r</span> <span class='ocrx_word' id='word_1_548' title='bbox 691 3872 981 3976; x_wconf 50' lang='grc' dir='ltr'>,Εαιωίψηρωρω</span> <span class='ocrx_word' id='word_1_549' title='bbox 1032 3912 1074 3969; x_wconf 84' lang='lat' dir='ltr'>iio</span> <span class='ocrx_word' id='word_1_550' title='bbox 1083 3911 1144 3966; x_wconf 87' lang='lat' dir='ltr'>data</span> <span class='ocrx_word' id='word_1_551' title='bbox 1157 3907 1186 3963; x_wconf 89' lang='lat' dir='ltr'>ia</span> <span class='ocrx_word' id='word_1_552' title='bbox 1199 3903 1402 3963; x_wconf 76' lang='lat' dir='ltr'>Christianorum</span> <span class='ocrx_word' id='word_1_553' title='bbox 1416 3893 1555 3969; x_wconf 76' lang='lat' dir='ltr'>synaxibus</span> <span class='ocrx_word' id='word_1_554' title='bbox 1568 3898 1650 3958; x_wconf 79' lang='lat' dir='ltr'>carrd,</span> <span class='ocrx_word' id='word_1_555' title='bbox 1661 3899 1684 3945; x_wconf 88' lang='lat' dir='ltr'>el</span> <span class='ocrx_word' id='word_1_556' title='bbox 1696 3885 1836 3962; x_wconf 77' lang='lat' dir='ltr'>prontissis</span> 
     </span>
     <span class='ocr_line' id='line_1_54' title="bbox 182 3965 1836 4075; baseline -0.015 -54"><span class='ocrx_word' id='word_1_557' title='bbox 182 3982 244 4032; x_wconf 90' lang='lat' dir='ltr'>surr,</span> <span class='ocrx_word' id='word_1_558' title='bbox 259 3975 282 4022; x_wconf 87' lang='lat' dir='ltr'>et</span> <span class='ocrx_word' id='word_1_559' title='bbox 294 3967 389 4038; x_wconf 83' lang='lat' dir='ltr'>srngrrlr</span> <span class='ocrx_word' id='word_1_560' title='bbox 403 3966 495 4035; x_wconf 73' lang='lat' dir='ltr'>iratres</span> <span class='ocrx_word' id='word_1_561' title='bbox 508 3967 541 4020; x_wconf 89' lang='lat' dir='ltr'>de</span> <span class='ocrx_word' id='word_1_562' title='bbox 554 3965 644 4036; x_wconf 82' lang='lat' dir='ltr'>aptius</span> <span class='ocrx_word' id='word_1_563' title='bbox 662 3981 715 4022; x_wconf 84' lang='lat' dir='ltr'>saus</span> <span class='ocrx_word' id='word_1_564' title='bbox 727 3979 839 4035; x_wconf 87' lang='lat' dir='ltr'>proprus</span> <span class='ocrx_word' id='word_1_565' title='bbox 850 3979 877 4017; x_wconf 89' lang='lat' dir='ltr'>ra</span> <span class='ocrx_word' id='word_1_566' title='bbox 891 3977 980 4017; x_wconf 83' lang='lat' dir='ltr'>soree·</span> <span class='ocrx_word' id='word_1_567' title='bbox 1067 3999 1239 4075; x_wconf 37' lang='lat' dir='ltr'>‘immun</span> <span class='ocrx_word' id='word_1_568' title='bbox 1257 4012 1288 4049; x_wconf 60' lang='grc' dir='ltr'><strong><em>π</em></strong></span> <span class='ocrx_word' id='word_1_569' title='bbox 1300 4002 1389 4048; x_wconf 61' lang='lat' dir='ltr'><em>comm</em></span> <span class='ocrx_word' id='word_1_570' title='bbox 1398 3987 1557 4059; x_wconf 42' lang='lat' dir='ltr'>impudente,</span> <span class='ocrx_word' id='word_1_571' title='bbox 1569 3983 1726 4039; x_wconf 55' lang='lat' dir='ltr'><strong><em>mmmmm</em></strong></span> <span class='ocrx_word' id='word_1_572' title='bbox 1738 3981 1836 4036; x_wconf 48' lang='lat' dir='ltr'>mmm·</span> 
     </span>
    </p>
   </div>
   <div class='ocr_carea' id='block_1_13' title="bbox 182 4053 1837 4222">
    <p class='ocr_par' dir='ltr' id='par_1_14' title="bbox 182 4053 1837 4222">
     <span class='ocr_line' id='line_1_55' title="bbox 182 4053 1837 4163; baseline -0.024 0"><span class='ocrx_word' id='word_1_573' title='bbox 182 4073 236 4163; x_wconf 42' lang='grc' dir='ltr'>’ξω</span> <span class='ocrx_word' id='word_1_574' title='bbox 256 4057 457 4162; x_wconf 48' lang='lat' dir='ltr'>&#39;umhfif&#39;mm&#39;</span> <span class='ocrx_word' id='word_1_575' title='bbox 472 4059 556 4125; x_wconf 56' lang='lat' dir='ltr'>mm</span> <span class='ocrx_word' id='word_1_576' title='bbox 572 4056 671 4129; x_wconf 51' lang='lat' dir='ltr'>aliqum</span> <span class='ocrx_word' id='word_1_577' title='bbox 684 4065 708 4110; x_wconf 54' lang='grc' dir='ltr'><em>α</em></span> <span class='ocrx_word' id='word_1_578' title='bbox 721 4074 738 4111; x_wconf 60' lang='grc' dir='ltr'><em>α</em></span> <span class='ocrx_word' id='word_1_579' title='bbox 752 4056 835 4120; x_wconf 53' lang='lat' dir='ltr'>&#39;&#39;m‘’</span> <span class='ocrx_word' id='word_1_580' title='bbox 849 4053 918 4157; x_wconf 55' lang='grc' dir='ltr'><em>Μ</em></span> <span class='ocrx_word' id='word_1_581' title='bbox 939 4058 981 4125; x_wconf 51' lang='grc' dir='ltr'>Μ’</span> <span class='ocrx_word' id='word_1_582' title='bbox 1069 4098 1126 4152; x_wconf 87' lang='lat' dir='ltr'>uias</span> <span class='ocrx_word' id='word_1_583' title='bbox 1145 4092 1288 4150; x_wconf 86' lang='lat' dir='ltr'>osteraiibrr</span> <span class='ocrx_word' id='word_1_584' title='bbox 1306 4102 1383 4159; x_wconf 85' lang='lat' dir='ltr'>apuam</span> <span class='ocrx_word' id='word_1_585' title='bbox 1408 4080 1517 4154; x_wconf 72' lang='lat' dir='ltr'>[eupolis</span> <span class='ocrx_word' id='word_1_586' title='bbox 1535 4120 1542 4146; x_wconf 88' lang='lat'>,</span> <span class='ocrx_word' id='word_1_587' title='bbox 1566 4075 1650 4131; x_wconf 87' lang='lat' dir='ltr'>sobrio</span> <span class='ocrx_word' id='word_1_588' title='bbox 1675 4071 1837 4144; x_wconf 75' lang='lat' dir='ltr'>modestoque</span> 
     </span>
     <span class='ocr_line' id='line_1_56' title="bbox 183 4145 981 4222; baseline -0.01 -16"><span class='ocrx_word' id='word_1_589' title='bbox 183 4162 232 4206; x_wconf 84' lang='lat' dir='ltr'>erat</span> <span class='ocrx_word' id='word_1_590' title='bbox 252 4151 287 4206; x_wconf 90' lang='lat' dir='ltr'>ari</span> <span class='ocrx_word' id='word_1_591' title='bbox 310 4162 430 4222; x_wconf 87' lang='lat' dir='ltr'>spartum</span> <span class='ocrx_word' id='word_1_592' title='bbox 450 4166 551 4222; x_wconf 79' lang='lat' dir='ltr'>orsaque</span> <span class='ocrx_word' id='word_1_593' title='bbox 574 4148 734 4203; x_wconf 86' lang='lat' dir='ltr'>edsseoaduns</span> <span class='ocrx_word' id='word_1_594' title='bbox 756 4146 860 4218; x_wconf 89' lang='lat' dir='ltr'>(idem,</span> <span class='ocrx_word' id='word_1_595' title='bbox 882 4146 927 4201; x_wconf 85' lang='lat' dir='ltr'>bi.</span> <span class='ocrx_word' id='word_1_596' title='bbox 946 4145 981 4199; x_wconf 85' lang='lat' dir='ltr'>asi</span> 
     </span>
    </p>
   </div>
   <div class='ocr_carea' id='block_1_14' title="bbox 180 4239 1837 5805">
    <p class='ocr_par' dir='ltr' id='par_1_15' title="bbox 180 4239 1836 5250">
     <span class='ocr_line' id='line_1_57' title="bbox 183 4239 981 4316; baseline -0.02 -9"><span class='ocrx_word' id='word_1_597' title='bbox 183 4243 377 4316; x_wconf 60' lang='lat' dir='ltr'>limorstorp.</span> <span class='ocrx_word' id='word_1_598' title='bbox 401 4242 455 4314; x_wconf 81' lang='lat' dir='ltr'>l).</span> <span class='ocrx_word' id='word_1_599' title='bbox 472 4243 504 4297; x_wconf 78' lang='lat' dir='ltr'>Et</span> <span class='ocrx_word' id='word_1_600' title='bbox 531 4241 611 4310; x_wconf 88' lang='lat' dir='ltr'>paula</span> <span class='ocrx_word' id='word_1_601' title='bbox 637 4248 697 4310; x_wconf 89' lang='lat' dir='ltr'>pust</span> <span class='ocrx_word' id='word_1_602' title='bbox 715 4257 722 4293; x_wconf 76' lang='grc' dir='ltr'><strong>ε</strong></span> <span class='ocrx_word' id='word_1_603' title='bbox 738 4239 803 4304; x_wconf 83' lang='lat' dir='ltr'>Quae</span> <span class='ocrx_word' id='word_1_604' title='bbox 823 4240 896 4311; x_wconf 77' lang='lat' dir='ltr'>justa</span> <span class='ocrx_word' id='word_1_605' title='bbox 921 4243 981 4293; x_wconf 87' lang='lat' dir='ltr'>suat</span> 
     </span>
     <span class='ocr_line' id='line_1_58' title="bbox 182 4301 1835 4406; baseline -0.034 5"><span class='ocrx_word' id='word_1_606' title='bbox 182 4351 242 4391; x_wconf 64' lang='lat' dir='ltr'>‘m</span> <span class='ocrx_word' id='word_1_607' title='bbox 255 4352 306 4392; x_wconf 65' lang='lat'>&#39;¹⁰²¹</span> <span class='ocrx_word' id='word_1_608' title='bbox 326 4337 431 4401; x_wconf 89' lang='lat' dir='ltr'>oraittit,</span> <span class='ocrx_word' id='word_1_609' title='bbox 446 4350 492 4406; x_wconf 66' lang='lat' dir='ltr'>ber</span> <span class='ocrx_word' id='word_1_610' title='bbox 506 4350 595 4389; x_wconf 70' lang='lat' dir='ltr'>cvrum</span> <span class='ocrx_word' id='word_1_611' title='bbox 617 4332 750 4396; x_wconf 77' lang='lat' dir='ltr'>Ecclesia.</span> <span class='ocrx_word' id='word_1_612' title='bbox 764 4342 789 4386; x_wconf 89' lang='lat' dir='ltr'>et</span> <span class='ocrx_word' id='word_1_613' title='bbox 810 4347 909 4403; x_wconf 81' lang='lat' dir='ltr'>apopea</span> <span class='ocrx_word' id='word_1_614' title='bbox 923 4332 980 4403; x_wconf 71' lang='lat' dir='ltr'>pra·</span> <span class='ocrx_word' id='word_1_615' title='bbox 1067 4326 1243 4395; x_wconf 79' lang='lat' dir='ltr'>Compasium</span> <span class='ocrx_word' id='word_1_616' title='bbox 1264 4314 1385 4390; x_wconf 90' lang='lat' dir='ltr'>proiecto</span> <span class='ocrx_word' id='word_1_617' title='bbox 1405 4307 1507 4366; x_wconf 91' lang='lat' dir='ltr'>etbnici</span> <span class='ocrx_word' id='word_1_618' title='bbox 1523 4303 1657 4361; x_wconf 90' lang='lat' dir='ltr'>babebanl</span> <span class='ocrx_word' id='word_1_619' title='bbox 1668 4301 1835 4360; x_wconf 85' lang='lat' dir='ltr'>Christianos</span> 
     </span>
     <span class='ocr_line' id='line_1_59' title="bbox 183 4394 1836 4497; baseline -0.032 4"><span class='ocrx_word' id='word_1_620' title='bbox 183 4435 250 4481; x_wconf 63' lang='grc' dir='ltr'>ΤΜ</span> <span class='ocrx_word' id='word_1_621' title='bbox 275 4425 378 4497; x_wconf 60' lang='lat' dir='ltr'>(stilio</span> <span class='ocrx_word' id='word_1_622' title='bbox 403 4443 460 4496; x_wconf 79' lang='lat' dir='ltr'>cop.</span> <span class='ocrx_word' id='word_1_623' title='bbox 485 4425 536 4496; x_wconf 67' lang='lat' dir='ltr'>i).</span> <span class='ocrx_word' id='word_1_624' title='bbox 568 4426 654 4480; x_wconf 82' lang='lat' dir='ltr'>batua</span> <span class='ocrx_word' id='word_1_625' title='bbox 675 4438 739 4478; x_wconf 85' lang='lat' dir='ltr'>uero</span> <span class='ocrx_word' id='word_1_626' title='bbox 761 4421 884 4477; x_wconf 87' lang='lat' dir='ltr'>lustinus</span> <span class='ocrx_word' id='word_1_627' title='bbox 907 4435 980 4475; x_wconf 89' lang='lat' dir='ltr'>mar·</span> <span class='ocrx_word' id='word_1_628' title='bbox 1031 4417 1129 4472; x_wconf 88' lang='lat' dir='ltr'>suisio</span> <span class='ocrx_word' id='word_1_629' title='bbox 1153 4412 1299 4485; x_wconf 76' lang='lat' dir='ltr'>synaxibus</span> <span class='ocrx_word' id='word_1_630' title='bbox 1324 4415 1469 4465; x_wconf 83' lang='lat' dir='ltr'>eoeaasse;</span> <span class='ocrx_word' id='word_1_631' title='bbox 1492 4398 1539 4455; x_wconf 86' lang='lat' dir='ltr'>sed</span> <span class='ocrx_word' id='word_1_632' title='bbox 1560 4395 1719 4468; x_wconf 88' lang='lat' dir='ltr'>ignorabant</span> <span class='ocrx_word' id='word_1_633' title='bbox 1744 4394 1836 4463; x_wconf 78' lang='lat' dir='ltr'>utique</span> 
     </span>
     <span class='ocr_line' id='line_1_60' title="bbox 182 4484 1835 4592; baseline -0.024 -18"><span class='ocrx_word' id='word_1_634' title='bbox 182 4528 267 4592; x_wconf 65' lang='lat' dir='ltr'>tyna</span> <span class='ocrx_word' id='word_1_635' title='bbox 288 4521 365 4575; x_wconf 89' lang='lat' dir='ltr'>aubis</span> <span class='ocrx_word' id='word_1_636' title='bbox 386 4519 520 4587; x_wconf 86' lang='lat' dir='ltr'>laudatus,</span> <span class='ocrx_word' id='word_1_637' title='bbox 544 4517 649 4573; x_wconf 82' lang='lat' dir='ltr'>dixerat</span> <span class='ocrx_word' id='word_1_638' title='bbox 673 4514 723 4569; x_wconf 88' lang='lat' dir='ltr'>bae</span> <span class='ocrx_word' id='word_1_639' title='bbox 743 4514 855 4583; x_wconf 88' lang='lat' dir='ltr'>pecunia</span> <span class='ocrx_word' id='word_1_640' title='bbox 876 4526 981 4583; x_wconf 73' lang='lat' dir='ltr'>prospo-</span> <span class='ocrx_word' id='word_1_641' title='bbox 1032 4519 1131 4581; x_wconf 78' lang='lat' dir='ltr'>quanta</span> <span class='ocrx_word' id='word_1_642' title='bbox 1154 4501 1309 4562; x_wconf 82' lang='lat' dir='ltr'>modestia,</span> <span class='ocrx_word' id='word_1_643' title='bbox 1333 4495 1485 4568; x_wconf 76' lang='lat' dir='ltr'>frugalitate</span> <span class='ocrx_word' id='word_1_644' title='bbox 1502 4499 1529 4546; x_wconf 93' lang='lat' dir='ltr'>ct</span> <span class='ocrx_word' id='word_1_645' title='bbox 1552 4490 1650 4560; x_wconf 90' lang='lat' dir='ltr'>pietate</span> <span class='ocrx_word' id='word_1_646' title='bbox 1674 4484 1732 4539; x_wconf 86' lang='lat' dir='ltr'>bare</span> <span class='ocrx_word' id='word_1_647' title='bbox 1758 4496 1835 4538; x_wconf 87' lang='lat' dir='ltr'>eoeua</span> 
     </span>
     <span class='ocr_line' id='line_1_61' title="bbox 182 4573 1836 4683; baseline -0.028 -11"><span class='ocrx_word' id='word_1_648' title='bbox 182 4615 275 4679; x_wconf 89' lang='lat' dir='ltr'>situm,</span> <span class='ocrx_word' id='word_1_649' title='bbox 290 4612 360 4683; x_wconf 89' lang='lat' dir='ltr'>apud</span> <span class='ocrx_word' id='word_1_650' title='bbox 374 4627 453 4683; x_wconf 84' lang='lat' dir='ltr'>quem</span> <span class='ocrx_word' id='word_1_651' title='bbox 469 4613 554 4667; x_wconf 89' lang='lat' dir='ltr'>luerat</span> <span class='ocrx_word' id='word_1_652' title='bbox 568 4610 700 4681; x_wconf 89' lang='lat' dir='ltr'>deposita,</span> <span class='ocrx_word' id='word_1_653' title='bbox 715 4606 842 4680; x_wconf 90' lang='lat' dir='ltr'>opitulari</span> <span class='ocrx_word' id='word_1_654' title='bbox 872 4609 980 4677; x_wconf 70' lang='lat' dir='ltr'>ippsrsir</span> <span class='ocrx_word' id='word_1_655' title='bbox 1033 4596 1246 4658; x_wconf 79' lang='lat' dir='ltr'>condital‘uerit.</span> <span class='ocrx_word' id='word_1_656' title='bbox 1265 4592 1434 4662; x_wconf 87' lang='lat' dir='ltr'>Quapropter</span> <span class='ocrx_word' id='word_1_657' title='bbox 1448 4585 1527 4640; x_wconf 89' lang='lat' dir='ltr'>solito</span> <span class='ocrx_word' id='word_1_658' title='bbox 1541 4583 1566 4636; x_wconf 92' lang='lat' dir='ltr'>ln</span> <span class='ocrx_word' id='word_1_659' title='bbox 1581 4578 1690 4635; x_wconf 82' lang='lat' dir='ltr'>eusdem</span> <span class='ocrx_word' id='word_1_660' title='bbox 1705 4573 1836 4632; x_wconf 84' lang='lat' dir='ltr'>Christia-</span> 
     </span>
     <span class='ocr_line' id='line_1_62' title="bbox 902 4666 1836 4755; baseline -0.034 -1"><span class='ocrx_word' id='word_1_661' title='bbox 902 4709 983 4755; x_wconf 73' lang='lat' dir='ltr'>aaas·</span> <span class='ocrx_word' id='word_1_662' title='bbox 1036 4692 1238 4752; x_wconf 83' lang='lat' dir='ltr'>uroscliraunalo</span> <span class='ocrx_word' id='word_1_663' title='bbox 1261 4684 1353 4741; x_wconf 89' lang='lat' dir='ltr'>iurare</span> <span class='ocrx_word' id='word_1_664' title='bbox 1378 4692 1486 4749; x_wconf 87' lang='lat' dir='ltr'>seraper</span> <span class='ocrx_word' id='word_1_665' title='bbox 1511 4670 1667 4730; x_wconf 83' lang='lat' dir='ltr'>inflammati</span> <span class='ocrx_word' id='word_1_666' title='bbox 1689 4685 1697 4722; x_wconf 77' lang='lat' dir='ltr'>t</span> <span class='ocrx_word' id='word_1_667' title='bbox 1717 4666 1836 4722; x_wconf 78' lang='lat' dir='ltr'>Curuios</span> 
     </span>
     <span class='ocr_line' id='line_1_63' title="bbox 181 4758 1835 4872; baseline -0.037 1"><span class='ocrx_word' id='word_1_668' title='bbox 181 4811 273 4872; x_wconf 63' lang='lat' dir='ltr'>parcre,</span> <span class='ocrx_word' id='word_1_669' title='bbox 285 4805 327 4855; x_wconf 72' lang='lat' dir='ltr'>ssi</span> <span class='ocrx_word' id='word_1_670' title='bbox 342 4807 392 4862; x_wconf 76' lang='lat' dir='ltr'>sris</span> <span class='ocrx_word' id='word_1_671' title='bbox 405 4806 530 4870; x_wconf 74' lang='lat' dir='ltr'>irisspeie</span> <span class='ocrx_word' id='word_1_672' title='bbox 547 4798 608 4863; x_wconf 72' lang='lat' dir='ltr'>sier,</span> <span class='ocrx_word' id='word_1_673' title='bbox 620 4802 661 4855; x_wconf 76' lang='lat' dir='ltr'>ssi</span> <span class='ocrx_word' id='word_1_674' title='bbox 673 4802 724 4857; x_wconf 67' lang='lat' dir='ltr'>sair</span> <span class='ocrx_word' id='word_1_675' title='bbox 743 4790 983 4866; x_wconf 62' lang='lat' dir='ltr'>superimponebat</span> <span class='ocrx_word' id='word_1_676' title='bbox 1033 4797 1145 4849; x_wconf 82' lang='lat' dir='ltr'>nostros,</span> <span class='ocrx_word' id='word_1_677' title='bbox 1166 4782 1252 4855; x_wconf 85' lang='lat' dir='ltr'>iaqsrit</span> <span class='ocrx_word' id='word_1_678' title='bbox 1273 4775 1463 4838; x_wconf 86' lang='lat' dir='ltr'>Tertullianus,</span> <span class='ocrx_word' id='word_1_679' title='bbox 1485 4776 1653 4841; x_wconf 78' lang='lat' dir='ltr'>praeterquam</span> <span class='ocrx_word' id='word_1_680' title='bbox 1671 4758 1773 4816; x_wconf 82' lang='lat' dir='ltr'>socieris</span> <span class='ocrx_word' id='word_1_681' title='bbox 1793 4759 1835 4812; x_wconf 88' lang='lat' dir='ltr'>ia-</span> 
     </span>
     <span class='ocr_line' id='line_1_64' title="bbox 181 4851 1835 4966; baseline -0.028 -15"><span class='ocrx_word' id='word_1_682' title='bbox 181 4905 264 4963; x_wconf 71' lang='lat' dir='ltr'>gtrsra</span> <span class='ocrx_word' id='word_1_683' title='bbox 281 4893 411 4966; x_wconf 86' lang='lat' dir='ltr'>Orpisauis</span> <span class='ocrx_word' id='word_1_684' title='bbox 423 4903 446 4950; x_wconf 91' lang='lat' dir='ltr'>et</span> <span class='ocrx_word' id='word_1_685' title='bbox 465 4894 557 4957; x_wconf 82' lang='lat' dir='ltr'>cidaris,</span> <span class='ocrx_word' id='word_1_686' title='bbox 571 4903 615 4945; x_wconf 88' lang='lat' dir='ltr'>out</span> <span class='ocrx_word' id='word_1_687' title='bbox 630 4891 670 4944; x_wconf 86' lang='lat' dir='ltr'>bis</span> <span class='ocrx_word' id='word_1_688' title='bbox 681 4889 725 4959; x_wconf 84' lang='lat' dir='ltr'>qui</span> <span class='ocrx_word' id='word_1_689' title='bbox 736 4897 842 4959; x_wconf 87' lang='lat' dir='ltr'>propter·</span> <span class='ocrx_word' id='word_1_690' title='bbox 855 4884 981 4951; x_wconf 85' lang='lat' dir='ltr'>moriam,</span> <span class='ocrx_word' id='word_1_691' title='bbox 1034 4882 1128 4953; x_wconf 68' lang='lat' dir='ltr'>sorores,</span> <span class='ocrx_word' id='word_1_692' title='bbox 1154 4884 1183 4931; x_wconf 88' lang='lat' dir='ltr'>ut</span> <span class='ocrx_word' id='word_1_693' title='bbox 1198 4872 1319 4945; x_wconf 80' lang='lat' dir='ltr'>prodigos</span> <span class='ocrx_word' id='word_1_694' title='bbox 1337 4863 1493 4938; x_wconf 79' lang='lat' dir='ltr'>arrpiliobaat</span> <span class='ocrx_word' id='word_1_695' title='bbox 1514 4855 1678 4958; x_wconf 78' lang='lat' dir='ltr'>(Terlaiiioa.</span> <span class='ocrx_word' id='word_1_696' title='bbox 1701 4851 1835 4923; x_wconf 79' lang='lat' dir='ltr'>Apologet.</span> 
     </span>
     <span class='ocr_line' id='line_1_65' title="bbox 182 4947 1836 5064; baseline -0.031 -18"><span class='ocrx_word' id='word_1_697' title='bbox 182 5000 229 5047; x_wconf 87' lang='lat' dir='ltr'>out</span> <span class='ocrx_word' id='word_1_698' title='bbox 254 4993 368 5064; x_wconf 79' lang='lat' dir='ltr'>aliquam</span> <span class='ocrx_word' id='word_1_699' title='bbox 380 4991 459 5048; x_wconf 85' lang='lat' dir='ltr'>aliam</span> <span class='ocrx_word' id='word_1_700' title='bbox 481 5004 597 5044; x_wconf 90' lang='lat' dir='ltr'>caussam</span> <span class='ocrx_word' id='word_1_701' title='bbox 612 4995 697 5058; x_wconf 77' lang='lat' dir='ltr'>egeat,</span> <span class='ocrx_word' id='word_1_702' title='bbox 710 4985 803 5056; x_wconf 81' lang='lat' dir='ltr'>gaique</span> <span class='ocrx_word' id='word_1_703' title='bbox 822 4984 853 5037; x_wconf 89' lang='lat' dir='ltr'>irs</span> <span class='ocrx_word' id='word_1_704' title='bbox 874 4982 981 5037; x_wconf 84' lang='lat' dir='ltr'>uinculis</span> <span class='ocrx_word' id='word_1_705' title='bbox 1034 4991 1094 5041; x_wconf 88' lang='lat' dir='ltr'>erp.</span> <span class='ocrx_word' id='word_1_706' title='bbox 1107 4971 1154 5031; x_wconf 74' lang='lat'>59.</span> <span class='ocrx_word' id='word_1_707' title='bbox 1170 4965 1316 5040; x_wconf 66' lang='lat' dir='ltr'>puplii).</span> <span class='ocrx_word' id='word_1_708' title='bbox 1328 4960 1429 5031; x_wconf 81' lang='lat' dir='ltr'>Duplex</span> <span class='ocrx_word' id='word_1_709' title='bbox 1444 4955 1524 5025; x_wconf 83' lang='lat' dir='ltr'>igitur</span> <span class='ocrx_word' id='word_1_710' title='bbox 1535 4947 1714 5049; x_wconf 79' lang='lat' dir='ltr'>eratbupusee</span> <span class='ocrx_word' id='word_1_711' title='bbox 1725 4958 1836 5047; x_wconf 80' lang='lat' dir='ltr'>accusa·</span> 
     </span>
     <span class='ocr_line' id='line_1_66' title="bbox 181 5037 1836 5154; baseline -0.032 -13"><span class='ocrx_word' id='word_1_712' title='bbox 181 5091 262 5145; x_wconf 86' lang='lat' dir='ltr'>soar.</span> <span class='ocrx_word' id='word_1_713' title='bbox 288 5093 312 5138; x_wconf 85' lang='lat' dir='ltr'>et</span> <span class='ocrx_word' id='word_1_714' title='bbox 337 5098 443 5154; x_wconf 78' lang='lat' dir='ltr'>peropus</span> <span class='ocrx_word' id='word_1_715' title='bbox 476 5080 665 5135; x_wconf 88' lang='lat' dir='ltr'>aduerrieutibus</span> <span class='ocrx_word' id='word_1_716' title='bbox 694 5075 836 5148; x_wconf 82' lang='lat' dir='ltr'>bospitiius</span> <span class='ocrx_word' id='word_1_717' title='bbox 861 5072 980 5146; x_wconf 84' lang='lat' dir='ltr'>(iustia.</span> <span class='ocrx_word' id='word_1_718' title='bbox 1033 5069 1218 5136; x_wconf 83' lang='lat' dir='ltr'>tioniseaprrt.</span> <span class='ocrx_word' id='word_1_719' title='bbox 1241 5060 1276 5115; x_wconf 76' lang='lat' dir='ltr'>lit</span> <span class='ocrx_word' id='word_1_720' title='bbox 1295 5058 1410 5130; x_wconf 88' lang='lat' dir='ltr'>primum</span> <span class='ocrx_word' id='word_1_721' title='bbox 1429 5037 1836 5146; x_wconf 77' lang='lat' dir='ltr'>quidcmiiiasseelerrbus.nr·</span> 
     </span>
     <span class='ocr_line' id='line_1_67' title="bbox 180 5128 1835 5250; baseline -0.044 1"><span class='ocrx_word' id='word_1_722' title='bbox 180 5177 290 5249; x_wconf 55' lang='lat'>590109·</span> <span class='ocrx_word' id='word_1_723' title='bbox 309 5178 336 5245; x_wconf 72' lang='lat'>¹,</span> <span class='ocrx_word' id='word_1_724' title='bbox 353 5193 381 5230; x_wconf 62' lang='grc' dir='ltr'>ἢ·</span> <span class='ocrx_word' id='word_1_725' title='bbox 395 5175 463 5250; x_wconf 76' lang='lat'>⁶7)-</span> <span class='ocrx_word' id='word_1_726' title='bbox 734 5177 737 5182; x_wconf 84' lang='grc'><strong>“</strong></span> <span class='ocrx_word' id='word_1_727' title='bbox 1034 5128 1835 5218; x_wconf 81' lang='lat' dir='ltr'>arirrrmirrbrrrteoceiso,aeborrendocarassepaspabulo,</span> 
     </span>
    </p>

    <p class='ocr_par' dir='ltr' id='par_1_16' title="bbox 180 5220 1837 5805">
     <span class='ocr_line' id='line_1_68' title="bbox 218 5220 1837 5339; baseline -0.028 -16"><span class='ocrx_word' id='word_1_728' title='bbox 218 5267 299 5324; x_wconf 83' lang='lat' dir='ltr'>Nobis</span> <span class='ocrx_word' id='word_1_729' title='bbox 313 5283 420 5339; x_wconf 80' lang='lat' dir='ltr'>qnoque</span> <span class='ocrx_word' id='word_1_730' title='bbox 436 5266 568 5323; x_wconf 82' lang='lat' dir='ltr'>Eusebius</span> <span class='ocrx_word' id='word_1_731' title='bbox 591 5264 700 5322; x_wconf 80' lang='lat' dir='ltr'>exbibet</span> <span class='ocrx_word' id='word_1_732' title='bbox 719 5263 895 5334; x_wconf 75' lang='lat' dir='ltr'>fragmentum</span> <span class='ocrx_word' id='word_1_733' title='bbox 909 5259 982 5332; x_wconf 89' lang='lat' dir='ltr'>epis·</span> <span class='ocrx_word' id='word_1_734' title='bbox 1034 5266 1063 5313; x_wconf 89' lang='lat' dir='ltr'>et</span> <span class='ocrx_word' id='word_1_735' title='bbox 1077 5252 1232 5323; x_wconf 85' lang='lat' dir='ltr'>turpissimo</span> <span class='ocrx_word' id='word_1_736' title='bbox 1245 5247 1348 5301; x_wconf 87' lang='lat' dir='ltr'>incesto</span> <span class='ocrx_word' id='word_1_737' title='bbox 1363 5239 1444 5294; x_wconf 89' lang='lat' dir='ltr'>luisse</span> <span class='ocrx_word' id='word_1_738' title='bbox 1458 5232 1580 5299; x_wconf 81' lang='lat' dir='ltr'>infames.</span> <span class='ocrx_word' id='word_1_739' title='bbox 1603 5226 1657 5283; x_wconf 89' lang='lat' dir='ltr'>Sed</span> <span class='ocrx_word' id='word_1_740' title='bbox 1671 5235 1753 5280; x_wconf 88' lang='lat' dir='ltr'>rasam</span> <span class='ocrx_word' id='word_1_741' title='bbox 1767 5220 1837 5278; x_wconf 91' lang='lat' dir='ltr'>bane</span> 
     </span>
     <span class='ocr_line' id='line_1_69' title="bbox 180 5319 1837 5433; baseline -0.026 -18"><span class='ocrx_word' id='word_1_742' title='bbox 180 5360 243 5415; x_wconf 83' lang='lat' dir='ltr'>toiae</span> <span class='ocrx_word' id='word_1_743' title='bbox 259 5360 378 5433; x_wconf 77' lang='lat' dir='ltr'>llioaysii</span> <span class='ocrx_word' id='word_1_744' title='bbox 390 5359 589 5417; x_wconf 81' lang='lat' dir='ltr'>Corinthiorum</span> <span class='ocrx_word' id='word_1_745' title='bbox 602 5357 719 5429; x_wconf 81' lang='lat' dir='ltr'>episcopi</span> <span class='ocrx_word' id='word_1_746' title='bbox 729 5356 762 5413; x_wconf 91' lang='lat' dir='ltr'>ad</span> <span class='ocrx_word' id='word_1_747' title='bbox 774 5356 919 5418; x_wconf 86' lang='lat' dir='ltr'>ilonraaos,</span> <span class='ocrx_word' id='word_1_748' title='bbox 938 5351 983 5408; x_wconf 89' lang='lat' dir='ltr'>ubi</span> <span class='ocrx_word' id='word_1_749' title='bbox 1035 5347 1206 5406; x_wconf 74' lang='lat' dir='ltr'>salsissimam</span> <span class='ocrx_word' id='word_1_750' title='bbox 1221 5336 1429 5398; x_wconf 85' lang='lat' dir='ltr'>accusationem,</span> <span class='ocrx_word' id='word_1_751' title='bbox 1441 5335 1470 5382; x_wconf 90' lang='lat' dir='ltr'>ul</span> <span class='ocrx_word' id='word_1_752' title='bbox 1481 5324 1548 5382; x_wconf 90' lang='lat' dir='ltr'>inira</span> <span class='ocrx_word' id='word_1_753' title='bbox 1560 5320 1720 5420; x_wconf 65' lang='lat' dir='ltr'>ridebimus,</span> <span class='ocrx_word' id='word_1_754' title='bbox 1734 5319 1837 5418; x_wconf 68' lang='lat' dir='ltr'>bruatur</span> 
     </span>
     <span class='ocr_line' id='line_1_70' title="bbox 181 5406 1837 5522; baseline -0.03 -10"><span class='ocrx_word' id='word_1_755' title='bbox 181 5455 287 5512; x_wconf 89' lang='lat' dir='ltr'>illorum</span> <span class='ocrx_word' id='word_1_756' title='bbox 302 5456 392 5512; x_wconf 87' lang='lat' dir='ltr'>iaudat</span> <span class='ocrx_word' id='word_1_757' title='bbox 405 5454 639 5515; x_wconf 79' lang='lat' dir='ltr'>cousuetudinem,</span> <span class='ocrx_word' id='word_1_758' title='bbox 658 5454 693 5507; x_wconf 91' lang='lat' dir='ltr'>ab</span> <span class='ocrx_word' id='word_1_759' title='bbox 717 5452 776 5522; x_wconf 89' lang='lat' dir='ltr'>ipsu</span> <span class='ocrx_word' id='word_1_760' title='bbox 789 5460 875 5506; x_wconf 90' lang='lat' dir='ltr'>artarn</span> <span class='ocrx_word' id='word_1_761' title='bbox 897 5449 983 5504; x_wconf 89' lang='lat' dir='ltr'>cirris·</span> <span class='ocrx_word' id='word_1_762' title='bbox 1033 5434 1256 5498; x_wconf 85' lang='lat' dir='ltr'>austerirruditus</span> <span class='ocrx_word' id='word_1_763' title='bbox 1275 5426 1382 5485; x_wconf 79' lang='lat' dir='ltr'>euertit.</span> <span class='ocrx_word' id='word_1_764' title='bbox 1413 5422 1531 5477; x_wconf 88' lang='lat' dir='ltr'>bllcrarn</span> <span class='ocrx_word' id='word_1_765' title='bbox 1552 5428 1618 5470; x_wconf 74' lang='lat' dir='ltr'>sero</span> <span class='ocrx_word' id='word_1_766' title='bbox 1640 5406 1837 5514; x_wconf 74' lang='lat' dir='ltr'>prodrgairtalrs</span> 
     </span>
     <span class='ocr_line' id='line_1_71' title="bbox 180 5500 1836 5621; baseline -0.031 -15"><span class='ocrx_word' id='word_1_767' title='bbox 180 5548 261 5607; x_wconf 76' lang='lat' dir='ltr'>tianae</span> <span class='ocrx_word' id='word_1_768' title='bbox 273 5549 411 5621; x_wconf 88' lang='lat' dir='ltr'>religionis</span> <span class='ocrx_word' id='word_1_769' title='bbox 423 5549 545 5616; x_wconf 78' lang='lat' dir='ltr'>exordio,</span> <span class='ocrx_word' id='word_1_770' title='bbox 558 5557 585 5604; x_wconf 87' lang='lat' dir='ltr'>et</span> <span class='ocrx_word' id='word_1_771' title='bbox 597 5563 612 5604; x_wconf 92' lang='lat' dir='ltr'>a</span> <span class='ocrx_word' id='word_1_772' title='bbox 622 5546 716 5604; x_wconf 89' lang='lat' dir='ltr'>Sotere</span> <span class='ocrx_word' id='word_1_773' title='bbox 730 5544 835 5599; x_wconf 89' lang='lat' dir='ltr'>illorum</span> <span class='ocrx_word' id='word_1_774' title='bbox 856 5541 982 5611; x_wconf 86' lang='lat' dir='ltr'>episeopo</span> <span class='ocrx_word' id='word_1_775' title='bbox 1033 5530 1249 5593; x_wconf 88' lang='lat' dir='ltr'>erinrinntiuaem</span> <span class='ocrx_word' id='word_1_776' title='bbox 1261 5519 1377 5581; x_wconf 86' lang='lat' dir='ltr'>conterit</span> <span class='ocrx_word' id='word_1_777' title='bbox 1387 5516 1456 5572; x_wconf 91' lang='lat' dir='ltr'>auda</span> <span class='ocrx_word' id='word_1_778' title='bbox 1469 5527 1501 5567; x_wconf 91' lang='lat' dir='ltr'>ac</span> <span class='ocrx_word' id='word_1_779' title='bbox 1513 5508 1752 5609; x_wconf 33' lang='lat' dir='ltr'>aerissirua&#39;coeaaa</span> <span class='ocrx_word' id='word_1_780' title='bbox 1765 5500 1836 5603; x_wconf 79' lang='lat' dir='ltr'>ribus</span> 
     </span>
     <span class='ocr_line' id='line_1_72' title="bbox 180 5597 1836 5714; baseline -0.029 -18"><span class='ocrx_word' id='word_1_781' title='bbox 180 5631 298 5710; x_wconf 62' lang='lat' dir='ltr'>frictam,</span> <span class='ocrx_word' id='word_1_782' title='bbox 310 5657 361 5714; x_wconf 87' lang='lat' dir='ltr'>qua</span> <span class='ocrx_word' id='word_1_783' title='bbox 373 5642 600 5704; x_wconf 82' lang='lat' dir='ltr'>Christianorum,</span> <span class='ocrx_word' id='word_1_784' title='bbox 613 5639 693 5696; x_wconf 89' lang='lat' dir='ltr'>etiarn</span> <span class='ocrx_word' id='word_1_785' title='bbox 707 5637 766 5692; x_wconf 91' lang='lat' dir='ltr'>aliis</span> <span class='ocrx_word' id='word_1_786' title='bbox 778 5635 806 5689; x_wconf 90' lang='lat' dir='ltr'>in</span> <span class='ocrx_word' id='word_1_787' title='bbox 819 5634 928 5691; x_wconf 89' lang='lat' dir='ltr'>urbibus</span> <span class='ocrx_word' id='word_1_788' title='bbox 939 5631 983 5688; x_wconf 89' lang='lat' dir='ltr'>dc·</span> <span class='ocrx_word' id='word_1_789' title='bbox 1033 5626 1210 5699; x_wconf 83' lang='lat' dir='ltr'>expositione.</span> <span class='ocrx_word' id='word_1_790' title='bbox 1236 5619 1302 5674; x_wconf 82' lang='lat' dir='ltr'>Eum</span> <span class='ocrx_word' id='word_1_791' title='bbox 1317 5615 1407 5684; x_wconf 86' lang='lat' dir='ltr'>itaque</span> <span class='ocrx_word' id='word_1_792' title='bbox 1427 5612 1582 5663; x_wconf 85' lang='lat' dir='ltr'>narrantem</span> <span class='ocrx_word' id='word_1_793' title='bbox 1603 5597 1706 5699; x_wconf 74' lang='lat' dir='ltr'>arrdrrc,</span> <span class='ocrx_word' id='word_1_794' title='bbox 1731 5602 1758 5651; x_wconf 87' lang='lat' dir='ltr'>ct</span> <span class='ocrx_word' id='word_1_795' title='bbox 1777 5607 1836 5663; x_wconf 83' lang='lat' dir='ltr'>epus</span> 
     </span>
     <span class='ocr_line' id='line_1_73' title="bbox 181 5687 1834 5805; baseline -0.033 -14"><span class='ocrx_word' id='word_1_796' title='bbox 181 5734 313 5805; x_wconf 80' lang='lat' dir='ltr'>getulium,</span> <span class='ocrx_word' id='word_1_797' title='bbox 326 5744 355 5792; x_wconf 89' lang='lat' dir='ltr'>et</span> <span class='ocrx_word' id='word_1_798' title='bbox 374 5735 407 5791; x_wconf 93' lang='lat' dir='ltr'>ad</span> <span class='ocrx_word' id='word_1_799' title='bbox 427 5736 534 5793; x_wconf 86' lang='lat' dir='ltr'>metalla</span> <span class='ocrx_word' id='word_1_800' title='bbox 558 5735 744 5790; x_wconf 89' lang='lat' dir='ltr'>damnatorum</span> <span class='ocrx_word' id='word_1_801' title='bbox 769 5730 886 5798; x_wconf 89' lang='lat' dir='ltr'>inopiam</span> <span class='ocrx_word' id='word_1_802' title='bbox 906 5728 983 5784; x_wconf 84' lang='lat' dir='ltr'>uario</span> <span class='ocrx_word' id='word_1_803' title='bbox 1033 5721 1116 5778; x_wconf 83' lang='lat' dir='ltr'>verba</span> <span class='ocrx_word' id='word_1_804' title='bbox 1132 5715 1271 5773; x_wconf 88' lang='lat' dir='ltr'>nobiscum</span> <span class='ocrx_word' id='word_1_805' title='bbox 1297 5711 1421 5761; x_wconf 87' lang='lat' dir='ltr'>accurate</span> <span class='ocrx_word' id='word_1_806' title='bbox 1433 5696 1588 5754; x_wconf 77' lang='lat' dir='ltr'>exanimare</span> <span class='ocrx_word' id='word_1_807' title='bbox 1608 5705 1643 5745; x_wconf 91' lang='lat' dir='ltr'>ne</span> <span class='ocrx_word' id='word_1_808' title='bbox 1658 5687 1717 5753; x_wconf 88' lang='lat' dir='ltr'>trbr,</span> <span class='ocrx_word' id='word_1_809' title='bbox 1730 5697 1834 5756; x_wconf 84' lang='lat' dir='ltr'>qnaeso,</span> 
     </span>
    </p>
   </div>
   <div class='ocr_carea' id='block_1_15' title="bbox 182 5778 1836 5901">
    <p class='ocr_par' dir='ltr' id='par_1_17' title="bbox 182 5778 1836 5901">
     <span class='ocr_line' id='line_1_74' title="bbox 182 5778 1836 5901; baseline -0.034 -17"><span class='ocrx_word' id='word_1_810' title='bbox 182 5827 375 5887; x_wconf 73' lang='lat' dir='ltr'>beneimorum</span> <span class='ocrx_word' id='word_1_811' title='bbox 386 5844 487 5901; x_wconf 85' lang='lat' dir='ltr'>genere</span> <span class='ocrx_word' id='word_1_812' title='bbox 497 5819 673 5887; x_wconf 77' lang='lat' dir='ltr'>sublevabant</span> <span class='ocrx_word' id='word_1_813' title='bbox 685 5824 794 5899; x_wconf 73' lang='lat' dir='ltr'>(Burei.</span> <span class='ocrx_word' id='word_1_814' title='bbox 804 5822 850 5879; x_wconf 88' lang='lat' dir='ltr'>iii.</span> <span class='ocrx_word' id='word_1_815' title='bbox 864 5821 898 5891; x_wconf 76' lang='lat' dir='ltr'>ii</span> <span class='ocrx_word' id='word_1_816' title='bbox 908 5821 980 5879; x_wconf 85' lang='lat' dir='ltr'>iiist.</span> <span class='ocrx_word' id='word_1_817' title='bbox 1031 5828 1114 5889; x_wconf 83' lang='lat' dir='ltr'>grave</span> <span class='ocrx_word' id='word_1_818' title='bbox 1125 5810 1171 5868; x_wconf 89' lang='lat' dir='ltr'>sit.</span> <span class='ocrx_word' id='word_1_819' title='bbox 1193 5805 1238 5862; x_wconf 86' lang='lat' dir='ltr'>Sic</span> <span class='ocrx_word' id='word_1_820' title='bbox 1251 5808 1339 5858; x_wconf 85' lang='lat' dir='ltr'>aulem</span> <span class='ocrx_word' id='word_1_821' title='bbox 1351 5796 1415 5853; x_wconf 87' lang='lat' dir='ltr'>ilio.</span> <span class='ocrx_word' id='word_1_822' title='bbox 1434 5790 1512 5850; x_wconf 82' lang='lat' dir='ltr'>Coeno</span> <span class='ocrx_word' id='word_1_823' title='bbox 1526 5794 1614 5843; x_wconf 88' lang='lat' dir='ltr'>austra</span> <span class='ocrx_word' id='word_1_824' title='bbox 1628 5782 1661 5837; x_wconf 86' lang='lat' dir='ltr'>de</span> <span class='ocrx_word' id='word_1_825' title='bbox 1674 5778 1775 5836; x_wconf 88' lang='lat' dir='ltr'>namins</span> <span class='ocrx_word' id='word_1_826' title='bbox 1788 5793 1836 5864; x_wconf 50' lang='lat' dir='ltr'>rof</span> 
     </span>
    </p>
   </div>
   <div class='ocr_carea' id='block_1_16' title="bbox 1069 4188 1154 4260">
    <p class='ocr_par' dir='ltr' id='par_1_18' title="bbox 1069 4188 1154 4260">
     <span class='ocr_line' id='line_1_75' title="bbox 1069 4188 1154 4260; baseline -0.035 -16"><span class='ocrx_word' id='word_1_827' title='bbox 1069 4188 1154 4260; x_wconf 73' lang='lat' dir='ltr'>puerit</span> 
     </span>
    </p>
   </div>
   <div class='ocr_carea' id='block_1_17' title="bbox 182 4705 880 4780">
    <p class='ocr_par' dir='ltr' id='par_1_19' title="bbox 182 4705 880 4780">
     <span class='ocr_line' id='line_1_76' title="bbox 182 4705 880 4780; baseline -0.016 -16"><span class='ocrx_word' id='word_1_828' title='bbox 182 4712 225 4764; x_wconf 70' lang='grc' dir='ltr'>ιιι</span> <span class='ocrx_word' id='word_1_829' title='bbox 238 4724 336 4780; x_wconf 65' lang='lat' dir='ltr'>pipare,</span> <span class='ocrx_word' id='word_1_830' title='bbox 352 4712 394 4763; x_wconf 75' lang='lat' dir='ltr'>osi</span> <span class='ocrx_word' id='word_1_831' title='bbox 407 4713 456 4769; x_wconf 70' lang='lat' dir='ltr'>asie</span> <span class='ocrx_word' id='word_1_832' title='bbox 470 4713 512 4763; x_wconf 77' lang='lat' dir='ltr'>iris</span> <span class='ocrx_word' id='word_1_833' title='bbox 530 4712 594 4762; x_wconf 76' lang='lat' dir='ltr'>sirau</span> <span class='ocrx_word' id='word_1_834' title='bbox 607 4707 628 4768; x_wconf 74' lang='grc' dir='ltr'>’ἦ</span> <span class='ocrx_word' id='word_1_835' title='bbox 647 4705 677 4761; x_wconf 73' lang='grc' dir='ltr'>δι’</span> <span class='ocrx_word' id='word_1_836' title='bbox 701 4712 776 4765; x_wconf 70' lang='grc' dir='ltr'>ἄλλην</span> <span class='ocrx_word' id='word_1_837' title='bbox 798 4706 880 4760; x_wconf 74' lang='lat' dir='ltr'>siriam</span> 
     </span>
    </p>
   </div>
   <div class='ocr_carea' id='block_1_18' title="bbox 0 0 2126 6259">
    <p class='ocr_par' dir='ltr' id='par_1_20' title="bbox 0 0 2126 6259">
     <span class='ocr_line' id='line_1_77' title="bbox 0 0 2126 6259; baseline 0 0"><span class='ocrx_word' id='word_1_838' title='bbox 0 0 2126 6259; x_wconf 95' lang='lat' dir='ltr'> </span> 
     </span>
    </p>
   </div>
  </div>
 </body>
</html>
