4242 6259
256 290 319 354 tle·
471 288 480 300 “
804 284 837 341 ΙΝ
849 277 1373 342 ’ΤΕΙΠΙΙΙΜΔΝΙΆΡΟΒΟΕΕΤΙΕΙΙΜ
1435 288 1437 296 ¹
1854 269 1925 339 Μ

257 414 350 464 curura
365 405 481 478 currjrrgii
494 404 554 474 jura
571 401 715 472 lideruque,
727 397 798 471 turpi
811 398 946 455 lenocinio
961 397 1052 454 eollo·
1066 400 1094 462 A
1140 398 1345 466 urulleremuum
1354 396 1532 463 beuuarriam,
1544 411 1576 452 ue
1584 396 1783 468 concupisceret,
1793 389 1912 451 aare·

256 502 337 558 drvp,
406 544 408 549 ,
810 507 817 517 ·
1143 491 1352 547 conitretlmicar
1365 489 1722 561 christianomsoeminamad
1735 489 1896 560 buauempn

294 593 421 664 Eiusdem
432 590 553 648 criminis
564 591 665 646 luctor
678 596 770 648 uester
783 588 922 646 Socratem
935 594 1054 644 accusat.
1143 584 1203 650 tias,
1214 599 1290 654 quam
1302 583 1400 638 iconem
1409 581 1651 651 demumdernum
1663 582 1809 654 prodidine
1817 583 1911 639 intern-

257 690 408 744 lltcertum
428 684 535 755 qrridem
555 695 596 740 est
619 683 706 754 ipsum
732 682 799 739 duas
822 683 902 738 simul
929 679 1057 739 babuisse
1141 673 1715 748 preturiumercndntanoraurenuuarm,

257 794 357 836 unxores
370 795 376 833 ι
391 776 565 848 xanrbtppen
575 775 746 844 videliacum
759 775 943 848 llyrrbonem,
957 773 1056 830 Aristi·
1144 771 1271 827 Nostmm
1305 771 1503 842 subsequamur
1527 771 1694 836 >dricturem,
1710 785 1743 827 ac
1769 771 1912 830 videamus

194 913 198 920 .
257 867 553 940 uliscujusdamliliam,
570 869 611 925 uel
631 884 668 924 es
683 867 736 924 lilia
752 851 945 940 nepteijuo
959 876 1056 924 autem
1108 864 1244 936 quomodo
1265 864 1418 920 inclinatam
1433 863 1467 920 de
1490 862 1705 921 chrisuanorun
1726 863 1924 921 euboicorum>

260 961 325 1018 illud
344 961 465 1032 pluribus
486 961 600 1016 testibus
613 954 753 1027 Atlreoao,
768 959 887 1027 Laertio,
901 958 1055 1023 Plutarcho,
1109 975 1162 1032 qne
1173 959 1299 1026 castitate
1315 958 1544 1029 comparationem
1568 967 1746 1030 prosequatur
1759 976 1767 1013 z
1780 956 1923 1015 Caristia

258 1056 435 1127 llierouymo,
462 1051 563 1126 Cyrillo
590 1054 792 1122 Alexandrino,
817 1052 988 1109 Tlrcodoreto
1010 1053 1058 1109 de·
1109 1047 1168 1117 uui,
1181 1052 1277 1123 iuquit,
1292 1052 1429 1107 adremon
1443 1067 1488 1106 nec
1502 1050 1613 1122 sentiae
1630 1059 1711 1106 rrrurat
1725 1049 1735 1122 l
1749 1049 1905 1106 Tertaltiau.

258 1158 434 1214 acuminatur,
448 1162 481 1204 eo
500 1146 613 1217 probatu
626 1146 765 1204 dilsrcilius
779 1156 822 1202 est
837 1157 927 1202 utrum
942 1147 986 1202 ille
1005 1146 1058 1202 Su·
1110 1142 1245 1215 Apoloqct.
1258 1160 1316 1213 cop,
1330 1143 1377 1212 tt,
1390 1158 1450 1215 paq.
1463 1142 1542 1210 abb).
1555 1141 1593 1198 lta
1610 1141 1719 1215 quidem
1742 1143 1768 1197 in
1789 1141 1909 1201 editione

258 1251 358 1308 crates,
371 1257 423 1296 non
438 1254 517 1295 secus
530 1255 561 1296 ac
573 1240 658 1302 Cato.
675 1254 785 1296 risorem
800 1255 876 1294 suram
890 1254 950 1294 cnm
963 1239 1058 1294 amicis
1115 1237 1241 1308 lligaltii,
1257 1237 1302 1308 qui
1323 1236 1452 1292 observat
1469 1234 1633 1292 bis‘duobus
1651 1234 1740 1292 verbis
1750 1278 1756 1301 ,
1767 1234 1801 1290 ad
1812 1251 1909 1292 serum

259 1336 316 1391 suis
325 1349 418 1390 reuera
426 1333 665 1389 communicaverit
675 1333 792 1402 tannen..
803 1332 848 1387 tit.
859 1332 929 1398 llll,
945 1331 1059 1402 Dcipnor
1111 1328 1252 1395 ioeorime,
1268 1326 1340 1384 idem
1352 1341 1414 1384 esse
1427 1342 1458 1382 ac
1470 1325 1626 1384 loemioeum
1636 1341 1731 1384 sexum
1743 1336 1832 1383 natat
1854 1327 1910 1384 Sed

261 1429 411 1499 init.,pnp.
426 1427 491 1483 555.
513 1425 611 1492 baert,
627 1426 672 1482 lib.
688 1425 735 1481 llll
746 1427 772 1480 in
785 1425 830 1480 uit.
847 1424 1057 1499 Sorrut.,§bli;
1112 1420 1183 1477 ttndc
1216 1422 1294 1477 bauc·
1311 1420 1452 1477 lectionem
1479 1421 1644 1492 sumpserit,
1673 1435 1724 1477 nec
1753 1415 1831 1492 ipse,
1856 1433 1926 1478 nec*

261 1501 398 1574 Plnrmclr.
412 1519 439 1572 in
458 1518 506 1588 pu.
529 1520 574 1573 uit.
598 1517 716 1582 driuid,
731 1534 791 1588 pap.
806 1516 878 1582 5353
894 1515 1058 1588 llipnupm..
1111 1513 1155 1568 ulii
1167 1514 1225 1584 ejus
1238 1527 1368 1584 sequaces
1384 1513 1462 1569 uobis
1476 1512 1672 1569 indicauerunt.
1687 1512 1717 1569 lo
1741 1512 1843 1568 uostris
1859 1527 1912 1569 au-

265 1609 309 1664 lid.
324 1608 358 1676 ll,
373 1610 432 1664 adt.
459 1607 604 1675 laniatur„
620 1624 681 1680 pop.
698 1607 1060 1679 1903cprttt..tit.tlt‚na-
1113 1612 1167 1660 iem
1182 1604 1320 1662 codicibus
1341 1605 1674 1676 manuscriptis‚aliisqrre
1691 1605 1817 1661 omuibus
1828 1603 1926 1662 editis*

261 1717 325 1757 uus.
348 1700 461 1765 Julian,
478 1717 538 1772 paq.
554 1700 617 1766 led,
628 1711 651 1755 et
665 1700 709 1755 lid.
719 1699 773 1765 Vll,
788 1717 849 1772 paq.
863 1699 926 1764 dim
944 1700 1061 1756 'lirendo-
1114 1698 1228 1769 legimus
1242 1717 1249 1753 ε
1261 1698 1360 1755 Senatu
1375 1716 1420 1755 nec
1434 1701 1580 1772 terruncium
1592 1710 1673 1755 mutat
1684 1699 1851 1763 cdrirtlanua.
1861 1701 1913 1757 ltoc

260 1802 320 1860 reo,
334 1804 395 1848 totu.
410 1791 455 1857 lll,
465 1809 540 1847 serua
552 1791 598 1858 lb,
609 1794 641 1847 tle
653 1793 738 1847 virtut.
750 1802 885 1863 oct.,·pap.
899 1790 979 1864 diat?
994 1791 1062 1848 Vide
1076 1794 1101 1855 B
1115 1802 1168 1859 est,
1183 1799 1212 1846 ut
1224 1790 1347 1861 Apostoli
1358 1792 1450 1847 uerbis
1463 1801 1581 1857 utamur,
1594 1792 1768 1848 anamulerum
1787 1793 1909 1848 concubi·

260 1894 350 1940 auteur
359 1893 447 1939 utrum
464 1883 497 1939 ad
518 1881 676 1939 solvendum
690 1880 803 1951 hujusce
829 1881 997 1939 difficultatis
1011 1897 1062 1937 on·
1116 1892 1157 1936 tor
1171 1897 1223 1938 nou
1237 1890 1280 1938 est
1291 1881 1302 1949 l
1315 1881 1394 1940 l'nal.
1408 1884 1483 1954 epist.
1497 1884 1528 1951 ll,
1540 1886 1575 1938 ad
1587 1882 1660 1941 Gar..
1674 1900 1734 1964 ¹cup.
1745 1885 1773 1952 o,
1792 1885 1877 1955 pto
1890 1895 1916 1940 et

260 1979 324 2034 dum
350 1994 382 2035 eu
409 1978 554 2045 sufficiant,
570 1993 640 2049 ’quae
666 1976 785 2049 Cyrillus
809 1976 1010 2033 Alexandrinus
1035 1987 1064 2033 et
1117 1975 1180 2030 lod
1195 1974 1319 2040 Tinteris..
1334 1992 1392 2047 cap.
1410 1975 1559 2049 t,p.lb).
1580 1975 1647 2032 llam
1662 1976 1698 2031 ibi
1713 1986 1810 2033 auctor
1823 1986 1916 2034 noster

261 2070 449 2128 Titeodoretus
472 2070 641 2126 tradiderunt
666 2068 770 2142 (cyrill.
784 2079 808 2124 et
828 2067 994 2133 Theodorei,
1010 2070 1061 2124 loc.
1116 2068 1280 2125 christianos
1293 2069 1408 2140 opponit
1418 2069 1533 2135 Socrati,
1544 2069 1578 2126 de
1587 2084 1642 2142 qno
1651 2068 1708 2125 bec
1720 2069 1814 2126 scribit
1825 2086 1833 2122 :
1844 2070 1914 2143 Lapa

260 2163 329 2231 cit),
343 2162 450 2219 ductam
473 2163 609 2219 aSocrate
634 2153 806 2232 llao'tlrippeu
841 2170 981 2234 sanmtpaa
995 2185 1062 2231 πως,
1116 2171 1215 2230 partem
1228 2162 1359 2216 seutnrtioe
1379 2161 1471 2216 Attice
1484 2162 1511 2216 io
1534 2161 1687 2218 Socratem:
1701 2172 1839 2230 corruptor
1851 2163 1915 2217 oda·

260 2256 406 2328 aliquande
420 2257 608 2325 vulgatiorem,
624 2270 684 2310 cum
700 2271 751 2326 qua
761 2255 830 2312 elam
844 2255 1062 2328 itlucnnpressus
1084 2297 1092 2310 ι
1115 2254 1263 2309 terrentium
1278 2254 1467 2325 pronuntiatur.
1481 2254 1534 2312 Sed
1558 2253 1602 2311 bic
1615 2254 1709 2311 adlmc
1729 2256 1885 2313 iromutatrs
1897 2269 1927 2312 a'

260 2348 448 2420 Laurproclcm
464 2349 548 2404 lilium
571 2347 713 2416 suscepit.¹
1105 2343 1233 2415 Rigaltio
1243 2343 1400 2399 Tertulliani
1416 2354 1514 2412 textus,
1525 2345 1571 2416 qui
1585 2346 1611 2400 in
1623 2344 1723 2401 nastris
1735 2345 1876 2403 codicibus
1886 2356 1916 2403 et

296 2442 335 2498 be
357 2452 471 2513 utroque
493 2456 573 2518 porro
596 2449 624 2495 et
647 2440 757 2496 Socrate
779 2450 807 2496 et
828 2440 930 2498 Catone
957 2442 1064 2498 addidit
1114 2436 1175 2491 aliis
1187 2438 1294 2492 excusis
1307 2437 1433 2493 comibus
1444 2436 1484 2493 sic
1498 2436 1760 2509 babeturabrpo....
1777 2437 1804 2493 iu
1818 2437 1915 2495 Sacra-

262 2532 468 2590 Tertullianus:
488 2531 581 2587 Nescio
596 2533 698 2603 quidem
718 2533 863 2588 arionitas
883 2548 984 2590 utores
1000 2549 1064 2591 suas
1115 2539 1164 2586 tent
1182 2539 1357 2601 commearem
1371 2530 1569 2586 adolescentium
1582 2530 1775 2600 pronuntiatam
1791 2529 1913 2604 (Talal-

261 2625 356 2681 amieis
369 2626 426 2682 suis
442 2626 467 2679 iu
482 2624 654 2679 matrimonio
667 2623 828 2680 locaverint.
840 2624 900 2694 Quo
912 2627 984 2682 euim
997 2641 1062 2698 pac·
1115 2621 1192 2690 lion..
1209 2623 1258 2678 loc.
1278 2623 1323 2676 cit.
1340 2622 1361 2693 l.
1379 2621 1450 2691 Quid
1473 2637 1538 2693 erqo
1557 2623 1592 2679 ibi
1607 2622 1711 2693 absquo
1732 2624 1812 2680 ultim
1835 2623 1913 2695 plane

261 2727 291 2772 to
306 2719 363 2774 lieri
379 2718 466 2789 potuit
479 2728 508 2773 ut
521 2716 563 2771 lnu
575 2717 635 2772 dirae
650 2732 749 2774 unxores
762 2733 778 2772 a
792 2718 857 2772 uiris
871 2718 927 2774 suis
949 2727 1074 2800 nuptum·
1115 2714 1217 2771 codicis
1231 2716 1394 2781 testimonio,
1412 2726 1440 2772 ct
1454 2725 1546 2772 coutra
1560 2715 1724 2772 concordem
1738 2716 1858 2772 curulum
1878 2715 1914 2771 li·

262 2811 346 2865 iovite
366 2811 426 2866 aliis
440 2814 509 2865 datm
526 2809 580 2865 sint
591 2810 603 2864 l
616 2809 710 2866 Nonne
729 2825 794 2882 erpo
814 2819 909 2867 auctor
922 2822 1013 2869 noster
1027 2813 1062 2870 ad
1116 2809 1224 2866 brorum
1244 2809 1325 2866 lidem
1340 2812 1438 2866 mutari
1452 2809 1592 2868 debebat?
1605 2808 1700 2866 Nonne
1719 2811 1770 2866 boc
1786 2808 1914 2881 loquendi

265 2902 367 2958 Lucani
380 2902 461 2958 rurba
481 2901 604 2957 allusisse
625 2901 741 2967 ridetur,
760 2902 858 2974 quibus
872 2902 965 2958 blartia
980 2903 1062 2961 Cato·
1116 2902 1197 2959 rrrodo
1215 2901 1281 2959 saris
1293 2902 1366 2959 clare
1380 2911 1408 2959 et
1419 2902 1503 2960 latine
1515 2902 1676 2974 exprimitur
1689 2918 1769 2959 verus
1781 2903 1832 2959 iste
1846 2901 1915 2959 'ler-

261 3010 342 3059 uem,
358 2994 396 3050 uti
412 2994 545 3061 diximus,
558 2995 650 3050 uirum
670 3009 748 3050 suum
766 2995 806 3052 sie
839 2995 955 3053 allocuta
978 2996 1062 3055 luisse
1117 2996 1221 3051 tulliani
1233 2996 1618 3054 seususztlbtltbeoiensibus
1632 2995 1692 3053 ideo
1703 2996 1781 3051 latam
1792 3012 1824 3051 ex
1837 3004 1915 3065 parte

262 3085 440 3158 perlribetur?
1009 3102 1025 3112 ·
1117 3090 1143 3144 io
1156 3088 1295 3145 Socratem
1306 3089 1401 3145 mortis
1412 3089 1588 3154 sententiam
1600 3090 1661 3160 quia
1675 3104 1726 3145 uun
1741 3088 1829 3144 solum
1841 3087 1911 3144 deos

337 3198 403 3250 Dum
414 3200 516 3262 maguis
526 3201 616 3258 impp,
625 3199 684 3250 dum
695 3202 733 3251 ,qs
744 3207 864 3263 matema,
877 3203 967 3277 peregi
1076 3189 1099 3252 C
1117 3181 1267 3252 negavisse,
1283 3179 1332 3236 sed
1347 3179 1536 3237 adolescentes
1548 3180 1628 3235 etiam
1639 3179 1790 3250 corrupisse
1799 3192 1912 3234 accun-

338 3262 411 3314 J⁰⁵⁵³
418 3261 487 3320 0³2⁰,
499 3267 526 3312 et
536 3265 649 3326 sseffllssffi
659 3265 744 3328 icctbi
756 3263 813 3314 iffi&
826 3270 943 3326 ffl⁸l¹l0⁵r
1116 3274 1206 3330 batur.
1220 3277 1256 3329 nt
1269 3282 1343 3330 certe
1356 3272 1437 3345 buius
1450 3272 1558 3329 nefandi
1574 3273 1686 3330 sceleris
1699 3287 1753 3327 oon
1765 3269 1849 3327 semel
1859 3284 1912 3342 po-

338 3323 565 3376 llisceribuslassis
593 3333 697 3389 artaque
713 3325 965 3392 exhaustaruemrtor,
1334 3367 1339 3378 .
1462 3367 1491 3380 ..
1601 3366 1607 3378 .
1663 3368 1670 3379 .

338 3386 394 3436 pan,
405 3387 465 3438 „nup
477 3387 564 3440 traam
582 3389 679 3437 „qm
692 3387 722 3437 d,
735 3387 829 3439 pute„
840 3390 915 3452 pasci
1114 3367 1229 3423 stolatur
1246 3366 1262 3422 d
1277 3366 1409 3434 Lucmuu,
1423 3382 1468 3439 qm
1485 3368 1559 3422 ullum
1573 3365 1670 3423 alrcnbr
1693 3366 1822 3423 latentem
1837 3379 1914 3422 reum

339 3448 436 3499 ”libili
443 3449 539 3521 ,19⁶de
553 3458 645 3500 tantum
654 3451 829 3524 ¹¹⁰¹¹¹9¹¹j¹1³¹¹0
900 3514 905 3525 ,
1115 3460 1217 3516 inducit
1229 3459 1356 3533 (bricium.
1370 3459 1577 3527 litandorum,
1593 3477 1654 3532 pop.
1669 3459 1721 3518 ibt
1732 3460 1757 3531 l;
1772 3459 1836 3516 abbi
1847 3474 1914 3516 rere

340 3510 468 3569 Corrnubu,
481 3511 555 3561 luceat
566 3512 660 3561 tumulo
671 3525 812 3574 scripsisse,
822 3511 921 3563 Catonis

292 3557 303 3576 ⁸
339 3571 434 3635 narrat,
446 3584 494 3622 „00
505 3572 606 3622 dubium
618 3573 693 3633 longo
702 3582 827 3635 quma„
838 3576 862 3624 p„
874 3588 928 3626 Μ,
1115 3554 1226 3626 perjurii
1241 3553 1386 3620 iusiutulat,
1400 3564 1430 3610 ut
1445 3564 1507 3626 pote
1518 3556 1562 3626 qui
1575 3553 1705 3625 iurauerit
1719 3546 1750 3609 se
1762 3567 1823 3608 cum
1836 3553 1915 3623 iure·

338 3631 453 3682 bauran
464 3635 564 3696 briffitts,
578 3633 681 3696 expulsa
691 3647 722 3683 ⁸¹¹
734 3636 832 3697 tradita,
844 3637 927 3687 taedas.
1115 3648 1194 3704 aibrrs
1206 3648 1365 3705 innocenter
1377 3648 1478 3704 uersari
1490 3647 1585 3718 (idern,
1595 3646 1638 3702 lib.
1651 3646 1683 3713 ll,
1700 3644 1796 3704 lerar.
1810 3646 1912 3713 tristor„

694 3717 795 3776 am·
810 3714 917 3780 'MV‘
929 3717 1004 3781 Μ
1114 3741 1166 3797 597
1175 3742 1196 3812 );
1209 3742 1334 3812 quamuis
1347 3740 1514 3814 llpaciutlaus
1525 3748 1553 3796 et
1563 3739 1704 3796 Narcissus
1717 3754 1748 3796 se
1762 3739 1795 3794 ab
1808 3754 1842 3795 eo
1857 3748 1914 3793 tur·

287 3817 1061 3889 Na‘utibiquidempostulassedicitur.utmortnnllorten·
1113 3832 1424 3903 plleradamatospplpm
1442 3832 1659 3888 testificarentur,
1683 3829 1913 3888 PpaetepeaAthe.

261 3913 313 3976 sin,
330 3910 356 3965 iu
373 3910 516 3980 pristinum
534 3909 735 3966 matrimonium
751 3910 880 3968 illatoue
904 3913 1058 3985 recipiatur.
1091 3931 1093 3936 ’
1113 3937 1188 3977 uaeus
1202 3924 1276 3977 ittam
1288 3924 1380 4002 arguit
1392 3923 1594 3996 flagitiosissimi
1610 3924 1636 3977 in
1653 3921 1819 3978 ptctptadem
1833 3936 1913 3977 amn.

261 4001 315 4059 Sed
330 4001 400 4057 lianc
421 4000 557 4072 petitionis
571 4014 626 4055 suae
640 4000 719 4057 allent
743 4004 890 4067 rationem.
910 4013 939 4060 ut
959 4007 1059 4076 posteri
1113 4014 1161 4081 ris,
1174 4015 1243 4070 sicut
1255 4024 1347 4085 postea
1360 4014 1479 4087 cyrillus
1493 4014 1701 4081 Alexandrinus,
1714 4023 1742 4070 et
1755 4012 1914 4071 Tlreodore·

260 4096 348 4151 sciant
359 4109 390 4150 se
402 4109 456 4149 arun
468 4094 604 4165 repulsam
613 4100 641 4150 et
655 4095 822 4167 repudiatam
833 4097 867 4153 ab
878 4098 937 4166 ipso
944 4098 1057 4167 catone,
1113 4104 1309 4176 waldricum,
1325 4106 1370 4161 lib.
1384 4102 1417 4162 V.
1432 4106 1620 4179 lieipuoaaplr..
1635 4123 1694 4176 cap.
1711 4106 1755 4171 lb,
1770 4122 1831 4178 pop.
1844 4103 1910 4162 2¹9.

260 4185 276 4242 a
300 4201 354 4258 quo
372 4186 470 4243 tradita
491 4187 636 4244 Hortensio
650 4188 746 4246 lucrat.
764 4188 806 4245 nb
821 4190 867 4246 illu
880 4201 970 4249 autem
990 4192 1057 4249 trudi
1110 4195 1536 4271 cyrilldib.VlinJuliau.,pnq.
1548 4196 1913 4261 lil.Tlreudoret.,serru.12

189 4351 193 4358 Ι
259 4279 348 4352 putuit
364 4295 414 4336 nec
429 4280 522 4344 invita,
539 4296 589 4338 oec
604 4298 767 4354 repugnans.
787 4283 855 4354 Quia
876 4292 966 4342 tumea
982 4287 1059 4358 prius
1111 4288 1143 4343 de
1155 4291 1212 4343 uirt.
1227 4290 1296 4357 Act,
1310 4289 1532 4363 pnp.672).Quiu
1546 4292 1627 4348 etiarn
1639 4289 1666 4345 lai
1678 4289 1732 4347 duo
1744 4289 1912 4362 posteriores

258 4477 341 4527 tatem
353 4485 429 4526 suam
441 4465 556 4539 primum
565 4468 706 4539 reliquisse
721 4471 857 4539 maritum,
867 4480 895 4527 et
907 4471 1056 4528 secuudum
1147 4475 1181 4530 m
1193 4475 1308 4545 quibus,
1324 4476 1450 4547 inquies,
1470 4476 1585 4532 testibus
1608 4471 1716 4547 probari
1741 4482 1829 4545 potest
1846 4488 1909 4529 eum

259 4563 406 4634 accepisse.
421 4561 483 4618 Non
495 4562 565 4618 rurale
577 4561 657 4633 igitur
664 4561 844 4619 Tertullianus
858 4561 957 4619 latetur
968 4563 994 4620 id
1004 4565 1055 4619 sibi
1069 4582 1097 4642 1)
1110 4580 1163 4621 uuo
1182 4567 1263 4622 modo
1276 4567 1312 4623 ob
1324 4576 1430 4638 spretos
1444 4577 1472 4623 et
1492 4568 1648 4639 repudiatos
1661 4568 1802 4641 gentillum
1823 4565 1909 4634 deos,

259 4656 473 4713 esseineertum.
487 4655 540 4712 Sed
558 4665 691 4727 utcunque
709 4671 753 4714 res
772 4670 802 4713 se
824 4655 942 4725 lrabeat,
960 4658 994 4714 nb
1008 4657 1058 4716 lrau
1110 4658 1158 4714 sed
1167 4658 1203 4714 ob
1213 4659 1400 4731 huncquoque
1421 4673 1558 4732 nunquam
1570 4660 1635 4715 satis
1643 4658 1838 4717 exsecrandum
1846 4658 1910 4714 ado·

258 4763 364 4818 morum
375 4748 528 4820 corruptela
540 4748 618 4821 louqe
632 4749 743 4805 aberant
756 4749 907 4816 christiani,
921 4750 968 4821 qui
980 4765 1056 4805 sacra
1111 4750 1268 4807 lesceutium
1280 4767 1400 4808 amorem
1415 4753 1449 4807 ab
1462 4751 1673 4809 Atheniensibus
1682 4751 1766 4808 luisse
1778 4750 1911 4806 courdem-

236 4861 239 4866 ’
258 4843 384 4900 counrrbii
403 4842 504 4912 jura,a
525 4831 948 4912 licostabilita,summnsemper
968 4842 1058 4908 studio
1111 4843 1223 4898 uatum?
1235 4842 1353 4900 Primum
1365 4842 1448 4899 babes
1461 4843 1611 4911 Platonem,
1622 4843 1668 4913 qm
1683 4841 1913 4899 memoriaemar-

258 4944 330 4992 sarta
343 4943 411 4991 tecta
431 4934 583 4990 seruabant.
599 4934 652 5008 Sed
663 4933 797 5000 rprrnumdo
809 4932 833 4988 id
845 4933 889 4988 ille
901 4932 1054 5001 cnollrmct,
1109 4933 1183 4990 davit
1193 4934 1318 4991 eumdem
1331 4933 1470 4991 Socramm
1484 4935 1499 4990 'a
1511 4935 1601 4992 llelim
1622 4934 1821 4999 insimulatum,
1836 4933 1911 5005 quad

258 5030 284 5086 iu
298 5028 471 5099 subsequenti
484 5019 607 5092 articulo,
621 5027 644 5081 si
662 5024 745 5092 lubet,
762 5024 985 5094 examinabimus.
1029 5024 1045 5099 ,f
1098 5035 1207 5097 ,prater
1224 5026 1310 5098 juset
1332 5025 1371 5083 las
1393 5035 1580 5098 corrumperet
1601 5028 1770 5097 iuuentutem
1783 5069 1791 5095 ,
1804 5025 1912 5097 diisque

565 5134 711 5177 uurtcucus
729 5136 757 5175 u.
1109 5120 1229 5191 negatis,
1250 5134 1335 5175 auvos
1360 5119 1554 5176 introduceret.
1577 5119 1679 5176 Fndem
1697 5135 1762 5175 aero
1784 5120 1910 5176 Laertius
2000 5169 2004 5172 .

258 5217 393 5286 Quomodo
403 5215 576 5274 Tertullianus
586 5213 738 5270 dernoustret
746 5214 884 5270 mnarum
895 5215 973 5288 {uisse
982 5213 1058 5272 Clui-
1108 5211 1431 5288 repetitrlerumtameu
1458 5211 1608 5284 Xenophon
1636 5219 1751 5270 conatus
1779 5221 1821 5268 est
1844 5225 1910 5268 enm

296 5309 436 5366 orianorum
463 5297 609 5362 cartimtsm'
625 5313 651 5361 ct
668 5304 800 5378 prutilium
823 5305 1057 5364 incontinentium:
1110 5316 1224 5378 utroque
1238 5306 1362 5374 crimme,
1377 5320 1409 5362 ac
1423 5305 1590 5377 purissimum
1605 5306 1692 5377 primo
1706 5306 1822 5363 liberare
1833 5304 1844 5376 (
1854 5301 1912 5359 Xe·

293 5402 353 5458 illut
372 5417 461 5458 seeum
483 5397 628 5469 sentimum
642 5413 693 5453 nun
708 5407 827 5462 araturae,
841 5407 974 5470 comuptor
996 5414 1056 5455 aero
1109 5402 1190 5473 nnplr.
1205 5399 1251 5458 tta.
1265 5399 1277 5456 l
1291 5400 1460 5468 memorabit,
1475 5416 1536 5472 paq.
1551 5399 1601 5455 ill
1615 5406 1640 5454 ct
1658 5415 1727 5471 amq.
1740 5398 1761 5470 );
1777 5397 1911 5470 ιιιιιιίιιιὶι

294 5483 796 5552 nSo'crateadolcrccutcrrclrriuianor
810 5492 1056 5549 naeniarsairda·
1109 5494 1302 5553 continentiam
1324 5509 1431 5550 summe
1448 5494 1539 5550 studio
1558 5492 1658 5556 caluit.
1674 5502 1730 5548 tum
1751 5491 1815 5564 quia
1837 5490 1912 5548 laaoe

222 5581 226 5590 '
296 5597 348 5643 tnm
371 5587 450 5656 fidem
470 5599 605 5651 seronem
628 5583 788 5656 Aristippum
811 5585 912 5655 perdite
932 5585 1058 5642 onruuirra
1079 5647 1089 5652 ,
1111 5588 1236 5644 uirtutem
1251 5585 1359 5645 assidue
1376 5586 1523 5660 discipulos
1537 5600 1603 5644 suos
1615 5585 1743 5643 docebat.
1765 5584 1824 5641 Non
1838 5582 1913 5642 cita·

294 5678 427 5749 Plrrpnem
444 5677 1071 5749 meretricanturSpeusippamperiirseiumtul··
1110 5688 1181 5736 tetur
1193 5686 1283 5737 nmen
1295 5678 1477 5746 Alcibiadem,
1493 5677 1722 5752 quemadmodum
1735 5675 1864 5741 critiam
1881 5675 1913 5735 io

300 5769 362 5821 aeria
372 5782 382 5821 .-
394 5767 545 5822 cbriuianar
556 5766 634 5823 ualuis
646 5767 727 5824 mulir
741 5776 764 5823 et
776 5783 842 5826 ceco
859 5768 945 5823 anian
968 5768 1060 5826 ridicae
1110 5769 1185 5828 illius
1195 5771 1309 5829 traditos
1322 5771 1503 5845 disciplinam,
1519 5769 1737 5845 perditos'tuisse
1750 5767 1915 5826 adulescen-
