4242 6259
172 278 227 337 sot
738 287 965 349 bissnnThTttt
984 292 1016 349 i).
1036 288 1082 355 ts
1099 294 1255 361 honuni.
1774 323 1828 381 bid

163 383 395 472 ⁴'l'nrrnrmmnum
404 410 525 469 mrpnunt
537 396 641 453 unicum
651 399 683 455 eit
695 416 795 457 trecesse
807 413 844 459 ert
856 420 866 460 .·
877 420 937 477 erpo
951 413 975 461 et
988 406 1015 468 Α
1027 407 1062 467 lis
1082 412 1239 474 riderinon
1266 419 1362 491 possit.
1384 420 1495 479 Nam-ut
1513 426 1571 499 ipse
1599 427 1627 487 in
1657 431 1752 490 Exodo
1783 438 1825 495 lo·

171 483 244 541 Deus
257 485 347 543 unicus
366 487 423 555 erit,
445 504 498 544 non
511 489 587 546 aliter
601 487 681 559 diens,
704 493 755 548 nisi
772 511 898 551 sunrrnum
918 513 975 551 ma·
1026 509 1118 574 quitur
1132 505 1242 578 (neon,
1255 527 1314 583 cup.
1325 511 1500 589 uirtutes)
1514 536 1521 573 ι
1535 519 1597 577 Non
1606 526 1673 580 enim
1684 527 1778 585 videbit
1788 548 1828 587 me

169 592 263 650 paam,
277 594 323 633 nee
335 579 412 634 aliter
422 595 551 635 summum
561 598 695 654 mupnum,
709 584 758 640 uiri
771 603 858 655 parem
868 604 919 643 nun
929 588 976 644 hu·
1027 594 1120 665 honio,
1149 608 1173 655 et
1183 601 1259 660 niem.
1278 604 1361 662 Addit
1380 623 1443 665 uero
1458 609 1659 684 Tertullianus,
1675 621 1720 675 etsi
1733 621 1824 678 niden·

170 673 239 742 irent,
262 689 308 730 nee
329 674 404 730 uhter
418 692 506 746 parem
525 693 575 732 non
595 678 701 745 hahens,
717 680 768 736 uiri
786 683 878 737 uniens
898 684 976 756 [tremi
1026 697 1085 757 tur,
1102 692 1154 749 iroe
1177 703 1236 764 est,
1263 701 1368 756 tametsi
1385 700 1509 761 homines
1530 706 1618 765 allatis
1642 706 1722 781 supra
1743 726 1826 787 argu.

171 767 287 841 (idem,
303 767 347 825 lii.
362 767 374 824 Ι
396 769 497 826 oduere.
514 768 653 836 lisseium,
667 789 725 845 erp.
738 771 778 847 3).
1025 784 1125 839 mentis
1140 799 1172 842 ae
1186 787 1256 859 (hrt.
1272 790 1374 865 super.)
1387 792 1659 856 demonstrationibus
1681 802 1758 861 iilum
1780 821 1827 863 re·

208 861 316 919 Sextum
332 872 359 919 et
375 862 496 919 ultimam
507 879 558 935 qua
571 864 643 921 Deus
657 867 774 924 existere
787 868 916 939 probatur
927 869 976 926 de·
1024 886 1088 929 uera
1102 876 1220 935 existere
1234 890 1326 938 mente
1340 883 1448 941 rideant
1462 897 1490 943 et
1502 901 1676 962 cognoscant.

172 952 393 1010 monstrationem
416 952 583 1011 Tertulliano
604 956 785 1028 suppeditavit
814 975 919 1016 summu
942 975 974 1018 ac
1064 963 1329 1039 incomprehensibilis
1339 989 1447 1047 quoque
1461 987 1519 1045 est,
1533 983 1619 1054 pergit
1631 983 1824 1046 Tertullianus.

170 1045 237 1101 mim
250 1042 464 1103 Christianorum
478 1049 512 1104 ad
525 1048 664 1106 demones
689 1052 864 1124 expellendos
884 1063 974 1126 potes-
1025 1054 1203 1128 (tuentem,
1218 1061 1296 1136 ibid.)
1309 1064 1376 1122 Nam
1391 1077 1421 1125 ut
1434 1067 1534 1127 latetur
1557 1073 1683 1133 Clemens
1709 1079 1827 1138 hieran-

171 1145 221 1202 tas,
245 1145 338 1194 eontra
359 1154 440 1211 quam
459 1139 572 1211 quilibet
585 1143 757 1213 nuautumuis
771 1146 892 1217 pertinax
906 1163 971 1218 pen·
1024 1145 1119 1206 drinus
1142 1152 1234 1225 (illem.
1249 1144 1390 1212 Alexandr.
1404 1201 1413 1228 ,
1426 1161 1470 1216 lih.
1486 1162 1509 1217 T
1524 1164 1642 1237 strum,
1665 1188 1727 1242 pap.
1739 1172 1827 1247 ihil:

170 1230 225 1287 tilis
238 1247 273 1290 ne
287 1233 388 1290 mutire
400 1232 509 1305 quidem
525 1244 641 1317 poterat.
662 1236 729 1294 Tum
749 1240 822 1296 enim
837 1256 910 1312 saepe
923 1256 973 1298 sae-
1024 1250 1100 1305 enirn
1111 1247 1204 1312 petite
1214 1257 1273 1304 rtet
1288 1253 1400 1305 tartensi
1415 1259 1484 1324 nepe
1497 1264 1537 1312 etr
1549 1271 1591 1318 ete
1609 1264 1670 1327 ζωῆς
1690 1266 1769 1333 χρόνον
1788 1274 1828 1324 τὸν

170 1321 409 1416 pirrsdaemonesa
424 1324 588 1392 christianis,
604 1325 706 1384 curisti
722 1331 972 1403 uomiueadjttrati,
1023 1340 1081 1388 Ores
1103 1341 1203 1410 lappae
1229 1349 1418 1400 xeretoeeteter.
1449 1345 1584 1405 Neminem
1616 1369 1729 1424 ntiquom
1752 1373 1827 1425 posse

169 1427 223 1470 non
236 1415 324 1471 solum
334 1414 512 1486 ejiciebantur
536 1432 569 1473 ex
583 1418 625 1474 his
636 1435 704 1490 quos
716 1420 876 1480 obsidebant
887 1423 973 1478 homi·
1023 1443 1071 1496 per
1083 1428 1131 1483 hoe
1145 1432 1203 1487 uite
1223 1440 1323 1505 tempus
1342 1434 1424 1492 Deum
1446 1442 1580 1511 perspicue
1600 1447 1825 1517 conrprehendere.

169 1506 265 1577 nibus,
290 1507 339 1564 sed
352 1508 517 1580 cogebantur
528 1512 608 1567 etiam
624 1510 711 1583 palmn
725 1522 751 1569 et
767 1514 874 1585 publice
886 1516 973 1572 eonll·
1024 1519 1129 1587 Quibus
1142 1535 1256 1596 uterque
1267 1526 1358 1585 verbis
1371 1531 1503 1601 signiiieat
1528 1535 1644 1593 infinitas
1661 1539 1707 1595 liei
1719 1541 1825 1611 perlec-

167 1600 232 1667 teri,
248 1614 299 1657 nec
313 1614 354 1670 se,
379 1615 429 1658 nee
449 1601 517 1659 alios
539 1618 608 1672 utros
628 1606 741 1676 gentiles
756 1607 888 1674 colebant.
912 1624 973 1668 esse
1025 1609 1111 1668 tiones
1125 1614 1159 1669 ab
1172 1615 1343 1687 linurinihus,
1358 1621 1439 1678 vitam
1455 1623 1524 1680 hane
1537 1628 1677 1685 riaortalem
1706 1633 1824 1689 triremi-

170 1689 250 1757 doos,
275 1691 324 1748 sed
340 1708 422 1750 unum
443 1692 575 1751 duntaxat
598 1698 730 1765 existere,
752 1715 832 1771 ouem
845 1700 972 1771 discipuli
1025 1700 1092 1771 bus,
1108 1721 1161 1786 nrm
1173 1722 1253 1777 posse
1268 1711 1340 1765 clara
1354 1711 1479 1770 distincta
1493 1716 1551 1772 idea
1568 1729 1595 1774 et
1620 1722 1730 1779 notione
1745 1725 1825 1794 plano

167 1782 269 1840 Christi
282 1784 491 1842 venerabantur.
507 1788 588 1859 htqrri
603 1790 686 1845 omnis
700 1791 760 1859 istu,
776 1793 812 1849 ait
827 1794 971 1852 Tertullia·
987 1803 1012 1865 B
1026 1797 1186 1870 penitusque
1197 1803 1400 1872 comprehendi.
1424 1807 1567 1881 Subiungit
1576 1822 1670 1878 ,tamen
1684 1832 1690 1869 :
1707 1815 1765 1872 Etsi
1778 1836 1825 1888 per

168 1888 230 1942 uus,
245 1875 372 1947 conlusio
383 1876 499 1946 illorum,
512 1895 564 1950 pua
578 1893 606 1934 ee
616 1880 676 1937 deos
689 1892 782 1955 nepum
794 1901 857 1954 erse,
871 1903 977 1976 poaque,
1022 1891 1132 1961 pruriant
1151 1905 1352 1965 representetnr.
1374 1897 1428 1956 seu
1444 1916 1566 1972 quaenam
1590 1915 1632 1961 est
1646 1907 1697 1962 ista
1721 1911 1823 1980 gratia,

168 1964 572 2052 nunmnmbmmrespnnuenr
584 1977 828 2041 praeseminatum
840 1993 970 2034 nuenton·
1022 1983 1076 2037 nisi
1090 1982 1237 2042 Salvatoris
1251 1989 1334 2044 nostri
1349 1987 1467 2059 Christi,
1495 1995 1552 2066 qui,
1565 1995 1646 2052 homo
1656 1997 1743 2056 iaetus
1753 2041 1762 2066 ,
1774 2002 1824 2059 do-

168 2060 293 2131 eipunsur,
306 2062 379 2118 ¹entis
394 2062 540 2119 idonea'ert
553 2065 587 2119 ud
599 2065 779 2136 depellendum
791 2071 887 2127 conten
902 2073 970 2128 iaerre
1022 2075 1079 2131 cuit
1091 2076 1215 2134 homines
1226 2082 1362 2152 puonrodo
1373 2083 1459 2155 ipsum
1473 2096 1501 2142 et
1514 2086 1633 2145 divinum
1647 2090 1706 2162 ejus
1716 2093 1824 2152 Patrem

167 2154 280 2210 rrilseime
297 2170 412 2211 romano
431 2157 579 2230 reiipionie,
603 2175 665 2232 quse
690 2176 744 2219 non
758 2175 893 2222 rerumet
908 2167 969 2221 urn-
1021 2168 1130 2223 unicum
1155 2185 1305 2244 uerumque
1328 2174 1412 2231 heum
1439 2191 1500 2234 esse
1527 2178 1709 2253 intelligant:
1738 2184 1825 2243 Nemo

167 2262 239 2316 enm,
253 2248 300 2306 sed
314 2247 396 2336 iaisos
410 2251 502 2324 utique
523 2252 590 2310 deos
602 2255 781 2313 venerabatur
795 2256 968 2329 (Tertuliiun.
1021 2261 1138 2331 quippe,
1163 2264 1508 2333 praemadrnodnmserihit
1530 2280 1625 2328 auctor
1647 2259 1770 2346 epistolae
1788 2278 1825 2334 ad

168 2343 445 2417 Apolopet.,eap.i.l,
460 2362 520 2419 pap.
536 2345 620 2420 rto).
643 2347 710 2404 Nam
732 2364 826 2407 ornues
849 2350 970 2423 prolecto
1022 2351 1202 2425 Diognetum,
1228 2353 1319 2415 'heum
1358 2361 1440 2429 vidit,
1478 2373 1524 2419 ant
1558 2347 1677 2437 perfecte
1701 2345 1828 2442 cognonit

168 2434 270 2490 ethnici
291 2435 468 2504 daemonibus,
483 2453 576 2494 rerum
590 2447 684 2495 contra
703 2443 862 2512 semetipsos
882 2443 970 2499 conla-
1022 2435 1119 2516 (Epist.
1132 2447 1264 2522 diepam,
1280 2453 1414 2522 nuptae,
1425 2456 1590 2514 editiuniu.
1601 2457 1714 2535 Murtpr)
1731 2470 1825 2527 :stete

169 2526 297 2594 tentibus,
313 2528 446 2586 debebam
466 2530 588 2596 credere,
602 2530 649 2603 qul
663 2533 854 2590 mentientibus
873 2536 969 2593 crede·
1022 2540 1047 2592 di
1057 2545 1139 2596 taurus
1152 2547 1277 2611 inridentes·
1291 2549 1393 2614 inlicite
1409 2551 1434 2602 ii
1447 2553 1596 2615 indesinente
1607 2559 1623 2626 ᾗ
1630 2568 1689 2625 μον)
1700 2563 1757 2611 een
1768 2561 1826 2612 ideis

168 2616 243 2674 bant.
268 2617 353 2675 Nemo
372 2619 515 2692 siquidem,
541 2630 571 2678 ut
589 2632 663 2679 reete
676 2622 720 2679 ille
733 2625 831 2696 arguit,
847 2624 882 2680 nd
895 2643 969 2682 ruunt
1021 2641 1209 2706 «ηκεχώρηηι.
1222 2634 1277 2691 sert
1288 2637 1343 2708 ipse
1355 2655 1381 2694 re
1390 2639 1473 2711 ipsunt
1482 2643 1607 2698 retenuit:
1616 2647 1727 2701 ostenuit
1738 2657 1825 2706 antem

168 2710 276 2767 dedecus
290 2714 421 2781 mentitur,
439 2715 501 2786 puin
514 2713 599 2786 potins
612 2715 646 2768 ud
658 2714 789 2772 honorem.
807 2716 892 2791 blopis
906 2718 970 2789 rides
1021 2724 1161 2793 perfidem,
1176 2742 1227 2796 pua
1242 2727 1298 2783 snio
1316 2728 1493 2788 Denrnuidere
1511 2747 1713 2792 concessumest.
1728 2737 1824 2795 Nonne

169 2803 287 2874 proeium
300 2814 337 2859 est
350 2804 471 2862 uduerms
485 2804 632 2876 temetipsos
641 2808 797 2875 confitentes,
807 2825 935 2881 puunspre
944 2826 971 2867 se
1022 2831 1086 2874 nero
1098 2829 1212 2892 uterque
1218 2821 1251 2877 ad
1260 2821 1319 2879 hee
1326 2824 1481 2881 collineant
1492 2825 1609 2884 Matthaei
1621 2832 1703 2886 rerba
1712 2831 1822 2900 (Matth.

168 2894 461 2969 ipsisnepuutea(ihid.,
474 2914 532 2969 eup.
543 2896 589 2963 23,
599 2893 660 2971 pap.
672 2898 824 2972 ilii).Tam
836 2902 968 2971 publicum
1021 2906 1082 2976 Xi,
1114 2912 1169 2985 Π)
1185 2931 1192 2968 :
1209 2911 1293 2969 Nemo
1319 2918 1386 2971 norit
1409 2916 1528 2984 Filium,
1555 2921 1604 2977 nisi
1632 2921 1719 2989 Peter,
1744 2941 1824 2996 neptae

169 2987 311 3074 enimvero
327 2989 509 3046 testimonium
522 2991 622 3045 neurini
634 2990 713 3062 plane
731 2990 842 3048 dubium
857 3007 969 3065 snspeo·
1022 2999 1128 3057 Patrem
1141 3005 1199 3074 quis
1218 3006 1306 3073 nouit,
1320 3008 1370 3062 nisi
1392 3006 1494 3077 Filius,
1510 3020 1534 3065 et
1551 3014 1591 3066 eni
1614 3015 1721 3069 notuerit
1737 3013 1822 3072 Filius

170 3087 278 3152 ¹⁰¹¹¹T⁰⁰
299 3094 361 3137 0⁸⁸⁸
375 3088 490 3153 Ρθῑθῐθῑ·
511 3080 694 3151 0⁰³ffl⁰bi0ffl
716 3081 793 3150 illud,
816 3084 899 3155 helii
913 3085 969 3139 3¹¹·
1020 3095 1143 3152 revelare.
1158 3096 1210 3153 hut
1225 3097 1259 3154 ad
1283 3097 1327 3154 illa
1352 3098 1463 3157 ioannis
1491 3100 1608 3176 (lonae,
1623 3121 1681 3177 cup.
1708 3105 1727 3172 l,
1746 3105 1823 3178 idi:

169 3169 229 3227 etur
249 3180 350 3239 noster,
374 3172 479 3230 solebat
500 3188 535 3229 ex
557 3172 672 3231 ethnicis
695 3172 785 3230 iacere
807 3175 1004 3251 christianosc
1021 3185 1104 3242 Donni
1128 3204 1201 3243 nenio
1221 3189 1284 3244 uidit
1297 3206 1418 3262 nument.
1441 3191 1592 3265 Uuipeuitur
1607 3195 1708 3263 Filius,
1723 3198 1767 3267 qui
1786 3206 1825 3255 eet

170 3261 298 3338 ΗΜ).
324 3264 423 3338 ΕΕΨΙῙΒ
447 3266 521 3323 ellim
553 3265 636 3323 horno
661 3275 766 3338 polemi
792 3276 845 3323 iam
869 3280 969 3324 cerihlli
1022 3279 1122 3335 §Mirm
1136 3279 1247 3349 Pam,
1264 3283 1319 3353 §pu
1328 3284 1465 3339 enarravit,

173 3354 329 3426 elisamque
352 3355 568 3414 iliiffifflilfflleffl
594 3372 734 3428 respuere,
761 3358 811 3414 ¹¹5⁵?
838 3360 880 3414 ⁰¹¹5
904 3358 970 3416 salit
1058 3371 1148 3444 Pergit
1174 3373 1276 3430 Auctor
1298 3365 1630 3445 nosterziuoestinruhilis,
1645 3379 1825 3440 ririhumnnis

170 3443 327 3516 praep'mlioia
349 3455 396 3502 ²¹¹⁸
418 3449 530 3519 lilim&
542 3448 674 3505 ”illimes
686 3449 799 3505 ¹²¹50¹¹⁵⁸
819 3450 910 3507 ¹⁰¹¹¹⁰¹l
925 3466 972 3522 Te·
1021 3463 1137 3519 rensibus
1151 3466 1306 3535 restituetur,
1321 3465 1348 3521 id
1363 3476 1415 3531 est,
1431 3468 1457 3523 in
1472 3468 1523 3525 hoc
1536 3478 1610 3526 reete
1624 3472 1659 3527 ab
1670 3472 1825 3529 hominihus

170 3541 245 3598 nitus
258 3541 431 3614 eripuerant
454 3543 519 3601 iuro
541 3543 623 3616 igitur
644 3544 858 3602 meritosncmr
880 3538 971 3602 notter
1021 3556 1177 3624 restituetur,
1203 3556 1276 3628 quod
1303 3560 1392 3614 sciunt
1429 3574 1491 3615 eum
1520 3575 1581 3617 esso
1606 3561 1823 3620 inaestimabilem

169 3645 303 3688 srrmmam
325 3631 462 3705 redarguit
475 3634 644 3706 iniquitatem
657 3634 809 3716 gentilium,
824 3636 869 3706 qui
893 3634 971 3691 Chri·
1022 3647 1187 3724 (Tarannon,
1210 3650 1429 3723 Apntnpet.,cup.
1445 3652 1490 3718 ll,
1507 3669 1569 3723 pap.
1586 3654 1663 3715 575).
1674 3652 1735 3724 lpse
1748 3656 1822 3711 enim

169 3725 530 3783 srttnosaccnsannmtaesn
548 3743 666 3784 romanu
689 3727 845 3799 renpnus,
870 3742 970 3800 eosnue
1022 3739 1219 3796 morannum:
1244 3740 1300 3795 troc
1314 3740 1660 3813 estquouoenmoesunnrt
1674 3745 1746 3815 facti,
1760 3745 1823 3800 utin

169 3815 476 3886 contraeonseiemium,
489 3828 581 3890 totque
593 3833 625 3875 ae
637 3820 703 3874 tanti
717 3819 845 3891 prorrderis
857 3819 971 3877 demon·
1021 3834 1142 3889 mamm
1167 3849 1219 3888 ,ψη
1245 3835 1331 3908 capp,
1357 3832 1469 3908 perinde
1493 3851 1526 3892 ,ηρ
1548 3836 1572 3891 51
1598 3836 1710 3894 dixisset
1724 3855 1731 3894 :
1747 3840 1824 3897 pune

170 3909 324 3978 ⁸¹ffl¹i⁰¹¹0⁵2
348 3910 383 3966 ³1¹
405 3910 487 3966 5²¹⁵⁰³
509 3910 576 3967 (¹0⁰⁸
596 3909 726 3966 ffl¹0¹¹d⁰⁵
765 3911 970 3983 ”iilndllm‘llffl
1022 3926 1107 3983 Deunu
1122 3929 1393 3998 reetemstimamus,
1407 3943 1468 3985 eum
1490 3929 1606 3986 latemur
1620 3946 1670 3988 nec
1692 3931 1820 4002 inobiS,

168 4014 261 4056 ilium
291 4001 377 4059 neum
408 4000 572 4073 (illflfflsffl'el
604 3998 743 4074 suppliciis
768 3999 876 4073 ldldlffi
901 4002 971 4059 ⁰3¹³·
1020 4032 1075 4088 neo
1085 4018 1120 4074 ah
1130 4018 1187 4075 ullo
1202 4019 1311 4077 homine
1327 4034 1406 4100 posse
1420 4036 1469 4092 pro
1483 4022 1581 4078 merito
1596 4024 1737 4080 aestimari.

170 4095 277 4153 batrtur.
1056 4110 1158 4166 Horum
1174 4112 1293 4168 omniurn
1308 4112 1443 4168 rationem
1455 4114 1478 4168 si
1501 4113 1535 4170 ab
1549 4113 1595 4168 illo
1606 4111 1735 4184 postules,
1751 4118 1822 4173 itane

477 4223 625 4267 ennepius
644 4225 673 4267 ῃ,
1021 4201 1068 4259 ilie
1090 4202 1189 4258 ibidem
1213 4202 1334 4260 reddet:
1354 4203 1430 4271 Quod
1444 4204 1522 4258 uideri
1543 4208 1730 4274 eorrtrunniler,
1751 4210 1821 4279 quoti

1021 4293 1220 4364 comprehendi,
1234 4294 1434 4366 prrodoeethnnri
1446 4304 1546 4362 potest,
1569 4297 1653 4352 miuus
1675 4309 1711 4354 est
1741 4302 1822 4355 oculis

1019 4387 1110 4458 quihus
1131 4396 1286 4457 occupatur,
1301 4396 1325 4441 et
1335 4384 1451 4441 omnihus
1464 4387 1554 4457 quihus
1577 4391 1782 4464 connominatur,
1798 4391 1823 4445 et

1020 4480 1135 4534 rensibus
1157 4478 1248 4550 quidne
1265 4479 1411 4546 inuenitur,
1436 4478 1561 4548 horest,
1578 4481 1707 4552 nitidquid
1733 4483 1820 4538 oculis

981 4571 1158 4644 Dourporeis
1172 4570 1351 4626 communiter
1369 4570 1505 4638 cernitur,
1533 4571 1655 4627 manibus
1680 4574 1820 4645 tangitur,
1858 4645 1863 4650 ‚

1021 4674 1069 4721 ant
1083 4664 1134 4740 sub
1148 4662 1215 4718 alios
1229 4662 1326 4719 sensns
1338 4664 1428 4730 radit,
1442 4664 1508 4720 illud
1522 4664 1566 4719 his
1588 4664 1714 4722 omnihus
1734 4668 1821 4723 sensi·
1880 4723 1882 4728 .

1022 4756 1074 4814 bus
1093 4756 1181 4811 minus
1205 4764 1267 4823 est,
1283 4754 1488 4828 inferiorisque,
1511 4772 1590 4828 quam
1612 4758 1697 4823 Deus,
1717 4759 1822 4816 ordinis

206 4859 292 4915 Deum
305 4839 366 4916 esse
377 4859 602 4931 perfectissimum
616 4856 680 4914 iude
700 4854 882 4922 Tertullianus
897 4861 971 4910 reete
997 4881 1001 4885 -
1024 4847 1129 4922 (ibid).
1152 4848 1219 4905 Nam
1247 4848 1316 4920 quod
1340 4849 1491 4904 immensum
1517 4859 1573 4922 est,
1595 4853 1823 4938 qurenradmodunr

169 4949 287 5021 colligit,
301 4951 374 5023 quud
389 4953 518 5008 muudum
540 4959 568 5008 ot
591 4951 681 5006 omnia
702 4963 763 5020 quum
786 4949 813 5003 in
838 4963 871 5003 eo
884 4945 969 5014 sunt,
1023 4941 1112 5008 Deus,
1126 4940 1175 4997 mii
1189 4941 1237 4996 sihi
1247 4950 1335 4996 notum
1349 4951 1385 4998 est
1400 4939 1508 5018 (ibid).v
1522 4937 1654 5016 immensi
1667 4941 1756 5002 autern
1768 4963 1820 5003 nro·

171 5044 243 5100 siout
256 5043 283 5099 in
307 5045 447 5114 superiore
461 5046 575 5101 articulo
602 5043 736 5108 vidimus,
763 5041 797 5097 ah
811 5040 857 5097 illo
881 5048 970 5096 creata
1023 5035 1096 5092 mine
1110 5034 1175 5091 illud
1191 5033 1374 5093 Tertullianus
1386 5037 1566 5108 praecise'nnn
1590 5038 1734 5109 intelligit,
1747 5041 1820 5113 qrrnd

169 5132 280 5190 luerint.
304 5132 488 5209 (Tertullum.
517 5135 661 5206 lpotupn,
688 5150 746 5205 cop.
775 5133 831 5202 Η).
863 5130 970 5187 Etenim
1023 5126 1125 5199 ubique
1138 5138 1165 5183 et
1178 5127 1204 5182 in
1218 5128 1291 5183 omni
1306 5126 1367 5183 loeo
1394 5128 1504 5196 existit,
1519 5128 1649 5202 sedqund
1663 5141 1706 5187 est
1731 5133 1823 5206 inlini·

169 5227 369 5298 imperfectum,
398 5228 484 5299 inquit
515 5209 576 5293 ille,
612 5242 664 5281 nnn
690 5227 772 5297 poterit
807 5241 879 5294 este,
902 5223 972 5296 prend
1025 5227 1091 5272 turn.
1105 5218 1145 5274 lio
1158 5218 1465 5297 quippesensuahonis
1477 5221 1632 5275 auctoribus
1656 5221 1755 5280 dieitur
1769 5224 1821 5280 im·

170 5319 277 5391 perierit
289 5321 393 5388 omnio,
408 5321 434 5376 id
455 5328 513 5387 est,
526 5322 588 5393 quia
605 5320 677 5376 heus
698 5335 713 5374 a
738 5334 768 5376 so
795 5319 854 5390 ipso
869 5329 927 5386 est,
943 5328 971 5374 et
1024 5325 1134 5367 mensus
1147 5308 1239 5379 labor,
1252 5318 1280 5366 et
1291 5309 1370 5367 dulor
1384 5309 1549 5388 immensus,
1564 5310 1607 5366 nel
1619 5312 1750 5368 immonsa
1774 5329 1823 5371 eu·

168 5417 268 5469 enuere
281 5413 373 5468 omnia
398 5399 562 5479 terrenitati
584 5425 697 5486 prorsus
726 5410 896 5483 imperfecti,
922 5408 970 5466 sed
1023 5404 1130 5475 piditas.
1152 5403 1224 5459 heus
1246 5402 1352 5474 itaque,
1377 5411 1470 5475 utpote
1495 5403 1632 5472 infinitus,
1653 5420 1669 5460 a
1699 5422 1744 5466 se¹
1763 5409 1824 5464 snio

169 5519 265 5561 omnes
275 5506 388 5561 omnino
402 5504 581 5576 perfectiones
591 5504 710 5572 babeat,
727 5517 839 5560 neeesse
858 5512 910 5558 est.
1022 5504 1138 5568 quantus
1165 5506 1208 5551 est
1223 5497 1394 5567 cognoscitur
1409 5495 1514 5570 (ibid),
1529 5496 1617 5567 htqrn
1633 5498 1668 5554 ita
1685 5499 1776 5569 illum,
1792 5512 1825 5558 ut

206 5594 301 5654 Tantae
314 5608 404 5656 antem
420 5598 474 5655 illae
486 5608 567 5667 sunt,
583 5597 748 5669 humanique
762 5595 861 5668 ingenii
882 5594 969 5650 imhe·
1024 5603 1128 5653 rursus,
1139 5589 1176 5643 ait
1189 5587 1290 5643 Auctor
1306 5599 1414 5656 noster,
1429 5587 1465 5645 nie
1479 5589 1672 5670 tampnitudinie,
1688 5603 1712 5646 et
1736 5603 1825 5649 rrutunt

169 5687 548 5763 etthntemadeosupemnt,
564 5688 777 5746 attinuisidiiissit
802 5685 971 5759 (ibid.,cup.
1027 5681 1171 5737 homim'btis
1193 5678 1298 5752 objicit,
1313 5692 1336 5738 et
1359 5682 1474 5755 ipnotunr
1502 5681 1652 5751 (dissertat.
1679 5685 1707 5740 in
1723 5685 1823 5743 hiinut.

170 5782 217 5852 Π,
232 5798 293 5856 pnp.
303 5785 380 5856 3¹15),
398 5785 435 5840 ait
450 5787 552 5841 Auctor
566 5793 669 5854 noster,
680 5781 707 5840 id
719 5779 903 5850 est,humanis
913 5793 975 5838 ocu·
1034 5775 1138 5843 ornan,
1149 5790 1208 5848 cup.
1222 5773 1249 5845 5,
1265 5783 1315 5831 nrt.
1341 5775 1368 5845 l;
1383 5774 1496 5835 dissert.
1521 5775 1548 5829 iu
1561 5773 1680 5833 Laetam.
1703 5795 1762 5847 cun.
1777 5781 1823 5852 lb,

292 5878 512 5943 leprosorum
531 5878 560 5942 l.
952 5947 956 5956 Δ
1482 5866 1685 5954 (itant-rte.)

170 4348 212 4406 lle
230 4351 428 4424 perfectionibus
450 4350 503 4406 sire
513 4351 642 4407 attributis
665 4347 731 4417 Dei,
745 4365 776 4406 ar
796 4365 846 4421 quo
863 4365 970 4405 amena

205 4445 365 4501 Tertulliano
378 4446 480 4501 dicatur
493 4443 637 4500 ltourinihus
656 4443 794 4516 sepultus,
809 4442 923 4512 quonruis
936 4441 970 4497 sit

205 4537 355 4607 innidiih's,
373 4537 655 4612 incorrrprehenrihih'e,
681 4535 888 4599 inustiutnbiiis,·
911 4549 970 4606 pute

208 4631 285 4700 hujus
297 4631 350 4687 reri
362 4629 410 4686 oet
429 4639 452 4686 et
466 4631 516 4686 nini
528 4629 652 4697 edentia,
678 4626 822 4698 supientia,
847 4635 871 4682 et
895 4629 969 4681 eter-

207 4721 285 4778 uitas.
