4242 6259
308 278 361 344 m
724 321 726 327 a
842 287 1409 357 mmmmmfflmu
1907 277 1961 367 rm

307 406 429 476 quaesere
451 403 539 460 eaden
552 416 608 475 que
631 402 659 458 ia
675 401 828 461 Tertulliani
851 404 1026 479 Apaiaqetiea,
1046 407 1231 472 indeAsanre
1246 412 1344 470 mentis
1370 414 1453 472 bama
1472 415 1509 472 itu
1538 431 1655 490 unquam
1677 427 1881 492 argumentatus
1900 397 1960 479 esti

308 497 393 566 patius
406 496 509 563 bansta,
530 501 553 549 et
574 510 620 565 per
643 496 754 568 aliquem
777 503 844 570 farte
860 497 1013 556 Tertulliani
1027 517 1108 557 temu-
1160 504 1226 572 Quis
1237 520 1290 562 uon
1306 506 1395 565 uideat
1409 509 1444 565 ab
1458 509 1554 567 eodem
1568 512 1710 583 scriptore,
1725 512 1958 586 chronographum

308 587 372 654 lum,
395 595 440 641 aut
465 585 607 642 erudierunt
629 587 664 642 ad
684 605 742 644 earrr
761 589 897 658 efformata
921 590 1107 665 (linarubcelt.
1160 613 1214 655 uon
1235 608 1341 670 agente,
1361 600 1413 657 diei
1429 618 1522 659 reuera
1535 605 1655 675 potuisse
1680 607 1830 664 nanduma
1851 608 1959 666 Cbrista

308 676 353 732 ttl.
369 677 391 733 l.
417 678 449 732 de
460 677 571 751 tltealaq.
587 678 662 734 Patr.
678 697 737 752 cap.
754 682 779 748 l,
795 681 809 755 1
828 682 870 740 lb.
885 700 945 756 paq.
961 684 1012 742 loo
1022 683 1043 759 ).
1054 684 1111 743 No·
1152 692 1270 750 'fluxisse
1280 693 1335 750 200
1355 710 1450 761 annos,
1464 706 1493 753 ct
1505 698 1568 754 alibi
1592 713 1678 755 anuos
1689 699 1795 757 circiter
1803 700 1874 757 coll
1889 703 1960 775 clap

307 781 370 823 uum
390 783 455 826 sane
467 778 496 826 et
516 769 613 827 mirum
630 781 672 828 est
693 773 759 830 illud
783 777 986 846 argumentandi
999 780 1105 849 pertusi
1159 800 1205 842 aas
1216 802 1276 843 esse
1287 788 1299 841 l
1312 788 1365 845 Sed
1379 803 1430 845 aas
1443 805 1508 846 sane
1523 791 1647 861 puderet,
1663 791 1826 864 traderetque
1842 803 1895 850 tam
1912 799 1959 849 'tn-

308 859 382 917 ldenr
396 863 492 935 stylus,
508 863 701 938 inquildoetus
714 867 761 924 ille
773 868 824 936 tir,
837 878 864 925 et
878 870 972 927 eadem
986 879 1027 927 est
1037 873 1109 945 dpa-
1160 895 1221 935 narn
1248 882 1464 954 singularemque
1488 883 1644 954 opinionem
1673 881 1798 942 refellere
1812 925 1820 952 ,
1835 886 1887 943 uisi
1900 890 1960 959 qui·

307 950 414 1023 loqetiei
427 965 455 1010 et
475 954 605 1013 librorum
629 959 663 1014 ad
686 958 816 1018 Nationes
844 963 976 1030 malcria;
1001 979 1067 1037 ergo
1079 965 1108 1022 bi
1159 971 1222 1028 dam
1237 981 1329 1043 pastea
1353 973 1425 1042 buia,
1445 991 1525 1048 quem
1546 977 1651 1049 anagnis
1671 976 1796 1034 laudibus
1815 979 1968 1049 extollunt„

308 1044 369 1102 libri
396 1062 450 1104 nou
474 1064 490 1104 a
519 1049 695 1123 Tertulliano,
719 1052 767 1109 sed
793 1052 828 1110 ab
852 1054 911 1125 ejus
944 1055 1041 1111 atriolo
1062 1067 1109 1114 aut
1160 1079 1230 1121 nouo
1243 1067 1345 1122 auctori
1358 1066 1550 1139 subscripsisse
1564 1067 1729 1126 uiderentur.

307 1139 428 1196 studioso
451 1143 596 1213 compositi
615 1154 690 1199 sunt.
709 1144 824 1213 Quid,si
847 1146 910 1203 inde
937 1162 987 1203 uos
1009 1148 1108 1204 simili-

307 1243 349 1290 ter
362 1233 556 1291 concludamus
569 1236 772 1308 apologeticum
798 1253 852 1295 nau
870 1239 903 1296 ab
928 1238 985 1305 illo,
1002 1240 1049 1296 sed
1074 1241 1108 1298 ab

307 1327 365 1397 ejus
378 1327 477 1384 amulo
493 1336 540 1384 aut
564 1329 685 1386 studioso
705 1344 767 1387 esse
782 1332 953 1388 corrleeluml
973 1332 1108 1408 Numquid

307 1419 483 1491 respondebit
494 1420 566 1478 bunc
579 1423 678 1478 librom
688 1422 856 1488 Tertulliano
867 1426 902 1482 ab
914 1426 974 1482 aliis
992 1428 1108 1501 scripto·
1193 1430 1321 1502 Quaipso
1332 1441 1454 1503 tempore
1467 1432 1649 1489 Tertullianus
1663 1433 1704 1489 bis
1723 1435 1758 1488 ad
1780 1433 1906 1491 Nationes
1924 1436 1959 1492 li·

308 1512 383 1569 ribus
394 1514 564 1585 adjudicari?
579 1518 614 1572 bt
629 1531 678 1573 uos
690 1519 770 1573 etiam
792 1533 855 1574 utos
870 1521 1035 1577 ostendimus
1056 1523 1107 1593 ipsi
1159 1524 1214 1582 bris
1223 1529 1416 1595 componendis
1428 1510 1537 1598 operam
1558 1526 1674 1594 dederit,
1689 1529 1761 1586 dieta
1784 1545 1834 1587 uec
1848 1546 1959 1603 pronup-

308 1624 414 1682 quoque
428 1610 463 1664 ab
475 1611 535 1666 aliis
548 1610 665 1667 adscribi
677 1612 737 1668 illas
751 1612 784 1669 ad
799 1612 927 1670 Nationes
941 1615 1033 1672 libros.
1158 1613 1214 1672 tum
1228 1632 1278 1674 uec
1293 1617 1370 1675 laeile
1380 1629 1433 1675 est.
1448 1618 1576 1688 Quadam
1591 1620 1718 1676 martenio
1732 1621 1773 1677 eis
1785 1621 1872 1677 atatis
1886 1631 1959 1679 notae

343 1703 444 1759 Deinde
469 1718 534 1758 uero
557 1703 678 1760 cruditus
698 1705 743 1760 illc
766 1705 807 1760 uir
827 1707 967 1762 nobiseum
990 1709 1105 1776 latetur,
1157 1715 1239 1780 atque
1260 1708 1358 1765 indicia
1384 1710 1462 1766 nobis
1485 1725 1547 1768 sese
1561 1709 1686 1768 oderunt.
1702 1711 1794 1769 Primo
1815 1712 1914 1769 etenim
1930 1714 1957 1768 in

306 1795 379 1867 quod
390 1812 489 1869 negare
504 1812 556 1854 nau
571 1805 669 1867 potest,
687 1796 814 1854 eumdem
825 1812 886 1854 esse
909 1797 1004 1855 borum
1022 1801 1106 1857 libro·
1121 1807 1145 1869 Β
1158 1801 1227 1856 libro
1239 1801 1352 1873 legimus
1366 1801 1445 1857 latam
1460 1804 1539 1873 paulo
1559 1812 1636 1860 atrtea
1659 1820 1673 1856 a
1700 1791 1850 1874 Fusciano,
1877 1805 1959 1863 Urbis·

306 1899 401 1946 ruruel
411 1889 695 1961 apologeticislylum.
709 1892 753 1956 dl,
769 1905 818 1945 uec
833 1890 888 1958 ille,
904 1905 954 1948 nce
973 1891 1042 1948 nlius
1056 1879 1115 1948 un:
1158 1893 1295 1965 praelecto,
1308 1896 1467 1968 senteutiam
1482 1896 1507 1952 iu
1529 1896 1672 1968 quemdam
1697 1907 1812 1968 patrem,
1825 1898 1871 1969 qui
1884 1912 1955 1956 cunt

306 1999 387 2063 quarn
407 1985 516 2056 neptabit
539 1983 698 2056 Tertulliani
711 1984 809 2057 stylum
825 1986 983 2059 dicendique
996 1988 1106 2045 modurn
1158 1987 1241 2044 illium
1255 2003 1333 2043 suunt
1350 2003 1445 2044 recens
1465 1999 1557 2045 natum
1584 1989 1768 2062 exposuisset,
1793 1991 1886 2064 elaipso
1909 1992 1957 2048 de-

305 2081 341 2137 lta
362 2081 413 2154 ipsi
440 2081 576 2154 proprium
591 2091 620 2137 el
643 2082 807 2153 peculiarem
823 2097 900 2150 esse,
926 2093 954 2139 ut
969 2084 1010 2139 uin
1024 2098 1056 2141 ae
1071 2100 1106 2142 ne
1158 2078 1220 2135 bine
1245 2088 1377 2151 tempore,
1394 2081 1444 2135 sibi
1465 2081 1578 2152 amplius
1602 2097 1656 2139 nou
1680 2083 1828 2153 cognitum,
1842 2096 1858 2138 a
1872 2097 1955 2155 seque

304 2175 349 2230 uir
370 2174 477 2245 quidem
498 2174 569 2231 ullus
605 2190 721 2246 uuquam
752 2177 869 2248 potuerit
894 2177 969 2233 illum
995 2176 1104 2233 imitari.
1158 2182 1291 2244 emptum,
1318 2172 1688 2248 eaustrrpraueratlTertull.
1707 2175 1760 2231 tlt.
1781 2176 1803 2233 1.
1828 2178 1864 2232 ad
1888 2176 1953 2233 Nat.

305 2264 473 2339 Nonueergo
484 2267 555 2336 ltine,
565 2274 596 2323 ul
608 2268 748 2338 peritiores
757 2268 845 2326 critici
855 2267 953 2334 solent,
968 2267 1047 2341 louge
1057 2284 1104 2340 po·
1156 2282 1213 2337 cup.
1232 2267 1289 2338 16).
1304 2267 1384 2339 Atqui
1398 2267 1566 2338 Capitolinus
1580 2268 1704 2327 meminit
1723 2269 1858 2337 Fusciani,
1873 2270 1958 2329 Urbis·

305 2360 366 2424 tiori
388 2360 449 2433 jure
462 2360 675 2417 cotrcludeadum
697 2369 739 2417 est
764 2360 888 2417 eumdem
911 2360 1104 2418 Tertullianum
1158 2359 1287 2431 preteeti,
1303 2361 1346 2418 eui
1360 2361 1485 2417 Pertinax
1500 2360 1624 2432 proxime
1645 2363 1774 2420 suecessit
1792 2365 1803 2434 (
1813 2363 1952 2436 Capitalia.

306 2450 402 2509 luortrm
417 2454 498 2508 trium
511 2454 640 2508 librorum
656 2467 717 2508 esse
733 2468 827 2509 resera
837 2453 1000 2524 parentent?
1155 2453 1183 2507 in
1194 2453 1246 2508 nita
1261 2451 1404 2509 Pertinacia
1417 2463 1474 2523 part
1488 2454 1545 2508 init.
1559 2453 1668 2527 libitia
1692 2466 1781 2512 autem
1799 2458 1863 2512 atini
1887 2456 1951 2514 195.

341 2542 424 2600 instat
445 2543 648 2600 boorubeekius
664 2544 787 2601 eaurdem
811 2553 941 2616 praeterea
960 2560 1021 2602 esse
1042 2544 1103 2601 illo·
1156 2546 1200 2601 bie
1214 2546 1485 2615 imperatorereatus,
1500 2556 1560 2617 post
1575 2555 1630 2603 tres
1643 2548 1750 2604 circiter
1761 2563 1868 2604 meuses
1880 2535 1953 2605 oeciss

304 2654 363 2695 tutu
374 2639 513 2694 materiam
528 2638 652 2710 idemque
665 2629 862 2714 argumentum}
877 2636 1004 2709 seuquid
1018 2638 1104 2695 iudei
1154 2653 1201 2695 sus
1220 2635 1280 2693 lull.
1295 2637 1353 2694 Nou
1372 2639 1417 2694 diu
1432 2653 1497 2710 erqo
1518 2649 1579 2709 post
1593 2640 1739 2696 Pertinacis
1754 2649 1866 2698 inertem
1882 2642 1950 2699 Ter·

289 2723 440 2802 'Numquid
462 2729 532 2787 idem
547 2728 710 2786 ebrislianus
732 2741 826 2785 attelae
838 2731 907 2786 duos
926 2729 1050 2787 diuersas
1069 2730 1103 2788 de
1155 2730 1280 2786 tullianus
1293 2729 1343 2786 iras
1357 2729 1439 2786 libros
1449 2730 1566 2789 edidisse
1579 2731 1708 2788 dicendus
1719 2740 1769 2789 est.

304 2823 399 2878 eodem
412 2832 580 2894 argumenta,
596 2822 805 2893 acpatissimum
821 2824 847 2877 iu
869 2821 1023 2877 altristiauar
1037 2822 1103 2879 reli·
1189 2821 1283 2894 Neque
1304 2823 1416 2892 objicias
1434 2822 1509 2878 illum
1533 2824 1559 2879 ia
1577 2824 1672 2880 eodem
1703 2824 1772 2881 libro
1791 2826 1951 2898 scripsisse:

303 2917 401 2989 glottis,
424 2916 588 2974 abctbuieis
611 2927 682 2974 tanta
703 2919 854 2990 iuiqttilate,
877 2931 977 2992 quauta
1001 2921 1103 2976 sevitia
1154 2912 1242 2968 AEtuti
1262 2924 1356 2969 naatroe
1377 2914 1489 2968 umiduli!
1503 2916 1565 2969 “mli
1583 2914 1749 2984 25⁰‚ld08b
1770 2917 1952 2976 tchrisllsnae

307 3020 427 3081 ucuntte,
440 3011 625 3069 defensionem
638 3012 722 3069 libras
742 3012 894 3081 coralieere,
918 3023 965 3069 aut
988 3016 1103 3086 scriptos
1154 3007 1290 3079 religionis
1312 3016 1407 3063 exortu
1432 3006 1561 3075 (Terruit.
1579 3005 1623 3062 til.
1644 3007 1664 3064 1.
1689 3009 1724 3062 ud
1746 3006 1811 3068 Nat.
1835 3026 1894 3080 cap.
1910 3009 1950 3081 7).

303 3102 474 3161 retraetando
488 3102 611 3171 reicere,
631 3106 779 3175 corrigere,
793 3120 903 3178 augere,
918 3107 1102 3164 minuerenou
1154 3097 1220 3155 Nam
1247 3107 1338 3171 posint
1361 3099 1451 3155 adbuc
1480 3099 1588 3172 scribsit
1611 3119 1619 3156 τ
1648 3099 1682 3155 Ul
1711 3118 1793 3173 ⁸¹¹9?ss
1813 3105 1949 3171 tdfdt'mttt.

306 3199 409 3271 potuitl
431 3198 571 3272 Nunquam
586 3200 715 3267 certeis,
735 3200 781 3271 qui
801 3199 859 3256 btec
877 3200 955 3258 uubis
975 3202 1103 3273 objectat,
1117 3199 1140 3262 C
1156 3192 1240 3247 &latit
1267 3186 1361 3248 nestra
1391 3192 1503 3247 tlottdttnt
1542 3194 1605 3249 anui
1633 3197 1736 3249 trecenti
1763 3194 1862 3264 (lala.
1889 3213 1948 3267 cap.

304 3283 1950 3367 mmmmmwmmmmnbfflwmmmwwmm-

303 3385 447 3443 cotrlltctut·
468 3386 662 3442 Tertullianum
692 3386 753 3443 libri
777 3387 811 3442 ad
840 3387 983 3461 Scapulam
1009 3403 1104 3444 terum
1154 3376 1188 3432 ‘¹⁰
1220 3377 1346 3434 ⁰⁰¹¹ss¹¹¹dl
1371 3386 1470 3449 1101θὸ1·
1491 3377 1619 3449 Mal⁰¹⁰¹¹¹
1646 3380 1786 3451 0111111910
1818 3394 1950 3438 3111101111·

302 3478 1103 3554 esseatretorem.blqrriinboclibroidem‘atqueindpa·
1154 3484 1294 3526 uulnerum
1322 3469 1529 3549 assignare'ille
1561 3470 1655 3541 procul
1680 3471 1763 3527 dubio
1785 3471 1887 3538 maluit,
1916 3488 1950 3531 ue

303 3572 422 3645 laqeliea,
445 3587 472 3632 0,
486 3576 592 3634 quobus
604 3578 639 3633 ,q
653 3577 779 3634 [qap-„m
803 3578 880 3634 pqu,
902 3588 1102 3650 assummum,
1154 3563 1269 3620 ethnicis
1282 3563 1366 3618 ullam
1387 3561 1528 3618 eantlandt
1549 3562 1639 3620 locum
1662 3564 1804 3637 praeberet.
1816 3566 1951 3623 Praeterea

302 3656 1950 3739 mwmmmmmmmwmewmmwwmmmfflww

301 3754 348 3811 sed
359 3771 420 3827 quae
433 3754 541 3814 brevius
553 3759 650 3841 agitur.
668 3759 708 3814 dd
726 3757 785 3815 bae
798 3773 864 3815 uero
884 3758 943 3815 libri
959 3759 992 3814 ud
1008 3758 1103 3817 Natiu-
1154 3758 1207 3804 [²¹¹¹
1221 3737 1384 3819 aliquantam,
1400 3749 1463 3822 (111ῑᾱ
1484 3736 1588 3806 cellum
1608 3750 1694 3821 001Ιί11ἱ
1715 3751 1823 3822 11010619
1841 3751 1868 3806 51
1882 3754 1949 3823 ‘illd

1459 1197 1605 1240 tnrlctlltls
1631 1199 1668 1239 lV.

1160 1293 1218 1361 Qua
1237 1305 1349 1369 tempure
1370 1299 1397 1353 lti
1423 1297 1481 1353 libri
1503 1301 1632 1371 pullicum
1653 1299 1680 1354 in
1694 1299 1774 1355 lucem
1796 1302 1957 1394 prodierunt.

195 3849 211 3872 ⁶
302 3848 405 3915 rreu,ad
421 3848 490 3907 alios
510 3867 591 3923 quam
618 3851 807 3924 tympanaque,
823 3859 850 3907 eq
867 3851 1101 3925 lipequswpq.
1152 3853 1242 3902 auteur
1269 3845 1330 3901 iude
1349 3846 1483 3920 ,calliqere
1507 3848 1584 3915 selis,
1607 3848 1681 3919 prius
1697 3846 1879 3904 deliniendum
1901 3849 1950 3907 tibi

302 3941 355 3997 taur
368 3937 545 3998 dienerinnen,
560 3942 630 4011 antq
645 3959 707 3999 nem
721 3943 794 4014 quoq
809 3943 890 4015 paulo
903 3953 962 4017 pose
972 3944 1101 4000 (temous.
1151 3937 1214 4004 erit,
1230 3952 1283 4010 quo
1296 3938 1477 3995 Tertullianus
1495 3955 1567 3997 anuo
1587 3939 1763 4012 assignaverit
1776 3955 1840 3996 aerte
1857 3941 1950 4000 cbris-

301 4033 431 4090 trablmus
441 4033 494 4091 alia
515 4035 592 4107 plara
607 4036 633 4091 in
649 4034 823 4107 Apulaqetiea
840 4051 920 4109 quatu
935 4036 961 4091 iu
979 4037 1052 4093 libris
1066 4038 1101 4093 acl
1152 4032 1232 4086 liant}
1245 4032 1360 4088 initium.

302 4125 440 4194 Nullaque,
455 4145 488 4186 aa
505 4131 565 4187 vien
580 4144 657 4187 uersa
682 4130 861 4202 perunctam?
874 4130 1099 4202 nentiqueosnen.
1187 4125 1312 4183 Nonnulli
1336 4127 1427 4198 itaque
1444 4127 1601 4185 existimant
1623 4130 1720 4185 borum
1735 4129 1867 4185 librorum
1881 4135 1948 4185 teta·

300 4217 397 4276 denaus
410 4219 604 4277 Tertullianum
617 4221 714 4277 validis
735 4221 885 4279 rationibus
905 4221 938 4278 ad
953 4222 1003 4280 bas
1016 4223 1100 4281 libras
1152 4220 1316 4277 lanceatus
1332 4220 1440 4292 agnosci
1459 4235 1539 4292 nasse
1559 4236 1592 4277 ex
1614 4222 1673 4278 aliis
1692 4222 1763 4290 illius
1775 4222 1875 4290 verbis,
1887 4223 1949 4293 qui·

302 4312 569 4386 pasldpalaqeriaunr
590 4315 929 4386 seribertdoscompulsum
951 4315 1043 4373 luisse.
1096 4325 1100 4332 ·
1150 4310 1201 4367 bus
1213 4310 1336 4370 ethnicos
1350 4314 1389 4369 sic
1402 4314 1572 4385 adloquitur:
1589 4312 1710 4370 Ennaiir
1724 4314 1870 4370 nationibus
1883 4330 1949 4385 qua·

339 4405 421 4478 Urget
440 4416 528 4463 tamen
553 4406 757 4465 lloornbeeltios
780 4419 917 4464 auctorem
940 4408 1002 4465 libri
1019 4408 1100 4480 primi
1150 4405 1212 4460 tt'dt'e
1231 4404 1358 4474 Caesares,
1373 4417 1398 4463 et
1427 4406 1552 4475 Parthici,
1579 4418 1603 4463 et
1627 4408 1734 4478 llediei,
1764 4419 1788 4466 et
1803 4408 1950 4467 Garntaniei

245 4475 257 4496 ⁵
300 4499 475 4556 adNatianer
492 4499 727 4557 diaisseuondum
748 4500 1012 4572 elapsosassbristo
1034 4511 1098 4559 nata
1149 4508 1208 4556 sant
1232 4497 1400 4573 (lbideap.
1425 4501 1458 4556 tl
1475 4500 1496 4572 ).
1526 4502 1562 4555 At
1585 4501 1666 4570 baec,
1695 4503 1839 4579 inquiunt,
1865 4503 1949 4567 Cara·

298 4597 540 4670 anuosducentos:
554 4597 581 4652 iu
596 4595 665 4652 libro
681 4605 770 4653 atatem
796 4594 831 4653 de
854 4595 1023 4669 Monogamia
1042 4597 1096 4652 cir·
1109 4589 1137 4650 D
1149 4591 1245 4647 callam
1261 4600 1393 4663 spectant,
1408 4591 1455 4663 qui
1477 4591 1618 4649 Germanis
1641 4593 1801 4665 Partlrisque
1824 4594 1946 4662 devietis,

298 4691 362 4745 citer
383 4699 484 4746 centum
501 4699 534 4766 ’et
562 4689 695 4762 ttaaqinta
724 4686 850 4760 (Tertull.
871 4688 916 4744 lii.
950 4688 983 4744 de
1001 4687 1096 4744 Nana-
1151 4685 1304 4743 Germanici
1330 4683 1501 4757 Partbieique
1515 4684 1661 4757 agnomine
1674 4687 1747 4741 antio
1758 4685 1814 4742 ars
1837 4686 1949 4760 insigni·

300 4799 371 4854 qanta.
397 4798 456 4855 cap.
482 4782 534 4853 5).
561 4780 615 4837 Sed
647 4780 798 4837 levissimas
820 4780 940 4836 rationes
959 4779 1011 4836 alia
1036 4779 1097 4836 lon·
1150 4776 1586 4849 tnnset.llnnnalequtdem,ui
1601 4776 1747 4834 eamealtae
1760 4778 1811 4835 soii
1830 4779 1949 4836 lttccbo-

297 4890 333 4947 qe
346 4875 438 4932 latiori
452 4873 612 4932 courdumare
633 4873 732 4931 trustra
757 4873 861 4929 nititur.
875 4872 944 4929 Nam
967 4874 1017 4931 etsi
1030 4888 1098 4930 con·
1150 4875 1224 4929 noris
1237 4870 1397 4942 cognomina
1408 4871 1469 4927 data
1483 4870 1607 4927 luissent.
1706 4905 1711 4922 -.
1944 4881 1947 4890 ⁴

300 4977 386 5024 staret
406 4967 510 5023 trullum
525 4961 696 5023 librariorum
721 4963 749 5020 in
771 4964 891 5021 numeris
913 4963 1098 5021 describendis
1185 4964 1288 5020 Clarius
1301 4979 1365 5036 erga
1378 4963 1474 5019 barum
1490 4963 1620 5020 librorum
1637 4971 1745 5020 elatem
1759 4963 1877 5020 indicant
1889 4964 1948 5021 llaec

299 5060 412 5117 subesse
426 5073 557 5126 errorem,
572 5072 604 5113 ac
616 5066 721 5114 certum
740 5055 810 5113 toret
824 5056 930 5113 initium
943 5055 1098 5113 boruman·
1149 5056 1339 5127 subsequentia
1359 5055 1484 5111 Attaloris
1511 5055 1597 5110 nostri
1622 5055 1704 5111 uerba
1726 5055 1839 5109 :lauru
1861 5056 1954 5127 Syriae·

298 5167 395 5208 norum
408 5152 442 5208 ab
456 5151 517 5224 ipso
530 5150 639 5207 cbristo
654 5149 736 5216 duci;
763 5164 817 5205 uon
841 5134 903 5205 inde
923 5158 1012 5205 tamen
1030 5165 1096 5205 eon·
1147 5148 1298 5204 nudauerant
1316 5146 1435 5202 odoribus
1456 5147 1573 5219 spirant,·
1592 5147 1677 5203 adina
1701 5145 1792 5203 dnttlu
1816 5146 1947 5203 ilttadnna

298 5243 369 5300 cludi
397 5251 485 5314 potest
513 5242 596 5298 libros
622 5242 657 5296 ad
686 5239 812 5296 Nationes
845 5239 1012 5298 Tertulliano
1034 5257 1096 5299 csse
1147 5260 1192 5301 arra
1217 5244 1302 5298 latam
1332 5242 1345 5314 q
1358 5239 1427 5297 laid.
1444 5241 1463 5314 ).
1493 5240 1560 5296 Nam
1603 5242 1637 5299 ibi
1665 5240 1838 5314 proculdubio
1869 5241 1947 5299 desl-

297 5336 500 5409 abjudieandus.
515 5334 544 5391 ln
559 5338 618 5408 ipsu
643 5333 777 5405 siquidem
799 5334 895 5391 borum
923 5335 1010 5406 primo
1026 5336 1094 5408 legi·
1147 5345 1263 5411 quantur
1282 5335 1448 5393 Pescennius
1470 5335 1561 5407 Niger,
1584 5344 1612 5392 et
1631 5334 1743 5392 Clodius
1756 5334 1879 5400 Albinus,
1901 5334 1949 5406 qui

298 5444 373 5486 mus:
393 5427 478 5485 AEtati
503 5438 597 5485 nestra
616 5429 730 5483 nandum
744 5428 805 5483 anni
820 5426 882 5484 CCL
901 5427 998 5502 (ldenu
1010 5429 1055 5485 ttl.
1070 5429 1093 5485 l.
1147 5446 1207 5487 eum
1222 5446 1237 5485 a
1251 5428 1351 5486 Seuero
1373 5426 1539 5500 imperatore
1551 5425 1724 5494 defecissem,
1749 5426 1794 5482 ille
1816 5424 1945 5499 insyria,

298 5522 333 5577 ud
360 5520 468 5577 Nativa.
493 5536 553 5591 cap.
566 5522 582 5577 l
595 5519 616 5594 ).
629 5522 668 5576 dc
694 5535 748 5576 nau
773 5521 857 5576 multo
869 5530 945 5593 past:
966 5520 1001 5577 lit
1015 5538 1095 5591 supra
1147 5522 1191 5578 bia
1202 5521 1230 5578 la
1244 5520 1339 5585 Gallia,
1354 5520 1485 5577 cunusnls
1501 5519 1586 5590 copiis
1599 5517 1730 5589 profligati
1750 5517 1867 5589 caesique
1886 5517 1948 5575 ltre-

297 5615 422 5671 edidimus
444 5616 525 5670 etatis
550 5624 645 5670 namne
658 5615 771 5669 nartdunr
792 5613 852 5668 antri
871 5607 975 5668 trecenti
1003 5614 1093 5685 libid.
1146 5621 1219 5670 runt.
1231 5611 1458 5685 aquilaeque
1472 5610 1629 5683 inejosdem
1642 5608 1799 5665 Tertulliani
1811 5610 1948 5682 llpaloqe·

296 5723 356 5775 cap.
371 5706 419 5776 b).
436 5707 569 5777 Numquid
584 5721 649 5778 erqo
676 5706 746 5762 lrnruc
773 5705 869 5763 librum
894 5720 946 5761 nou
980 5706 1015 5763 ab
1041 5722 1095 5764 uno
1147 5706 1200 5762 tica
1214 5713 1408 5772 memorantur,
1421 5705 1592 5777 contigerunt
1604 5716 1677 5758 mano
1692 5701 1756 5769 lat.
1766 5702 1810 5759 uel
1825 5702 1890 5772 las,
1900 5710 1948 5759 aot

296 5803 446 5863 moraque
480 5803 591 5853 auemre
626 5794 727 5852 editam
762 5809 823 5854 essa
858 5795 985 5853 dixerint
1025 5797 1092 5863 Quis
1146 5799 1236 5870 potius
1253 5812 1325 5855 anuo
1348 5797 1410 5868 llll,
1430 5797 1511 5855 sicuti
1533 5810 1614 5868 supra
1636 5793 1721 5852 fusius
1752 5793 1946 5865 explicavimus
