4242 6259
220 299 277 362 tat
705 289 713 298 '
799 285 1029 353 ntsshnttnto
1044 287 1078 352 h.
1097 289 1142 352 LE
1157 285 1312 355 muntii.
1822 287 1878 359 796

221 413 338 488 (Tollen.
353 414 422 469 orati
447 418 516 467 eost.
540 410 624 468 6666.
652 423 713 484 pap.
728 405 781 467 166
796 418 821 466 et
836 423 889 482 seq.
904 409 925 483 ),
942 418 970 467 ot
981 409 1027 483 qui
1039 412 1067 476 Α
1080 412 1203 482 exposuit
1215 428 1223 469 ε
1237 412 1303 469 item
1315 410 1490 468 1166666666
1514 411 1660 484 Ephesium
1672 443 1681 483 ,
1695 428 1712 471 6
1724 429 1778 487 qno
1800 421 1879 476 actus

220 505 305 563 66666
327 504 386 577 citro
406 503 499 561 retulit
520 501 652 560 Eusebius
675 499 1022 575 (elemosimarum.
1077 514 1105 561 et
1127 503 1267 561 historiam
1292 519 1385 578 regum
1399 505 1463 577 Tyri
1488 508 1639 579 conscripta
1662 522 1722 565 esse
1742 507 1876 581 Iosephus

222 599 348 672 6666661.
357 615 384 653 rs
396 598 441 654 11.
454 615 484 670 p.
498 596 564 656 tsi.
577 605 600 652 et
614 596 707 669 seqq-i,
721 610 774 653 neo
797 609 852 652 non
870 594 1025 652 66666616-
1077 594 1250 668 (16666666.
1264 595 1285 652 1.
1301 606 1384 652 contr.
1398 596 1510 667 Appios.
1525 613 1552 668 p.
1568 597 1662 670 toli.)
1672 606 1699 654 cl
1710 598 1877 671 Theophilus

222 705 302 751 mette
312 690 508 749 Alexandrinus
521 687 695 766 (61666166.
706 689 751 745 tit,
767 689 789 744 1.
805 688 877 745 666.
891 705 920 762 p.
936 687 990 746 eit
1002 697 1026 744 st
1076 687 1261 745 Antiochcnus
1284 687 1452 764 perhibent(
1467 687 1582 761 Tieoph.
1597 689 1641 746 tlt.
1656 687 1746 747 11666
1758 692 1876 766 dstolpe.

222 803 291 859 seqq.
301 784 324 860 ),
338 784 438 857 iiiique
448 793 477 842 et
490 784 591 857 antiqui
608 791 636 840 et
653 782 828 850 recentiores,
841 782 887 855 qni
901 782 936 840 ds
948 790 1025 839 rete·
1077 797 1137 854 paq.
1160 780 1236 852 tii).
1248 781 1296 837 liis
1305 781 1426 852 adjungit
1437 782 1598 840 Demetrium
1613 783 1772 841 Phalercnm
1784 827 1792 852 ,
1804 801 1820 842 6
1831 786 1878 845 io·

223 881 300 938 66666
311 878 507 951 seriprorthus,
526 887 572 934 aut
586 877 620 935 66
633 876 804 949 chronologis
824 885 852 933 et
874 876 969 947 postis,
993 875 1026 931 16
1076 872 1165 944 sepho
1183 872 1272 929 adhue
1285 874 1415 941 citatum,
1432 884 1540 946 tresque
1552 875 1620 931 alios
1632 918 1640 943 ,
1653 889 1746 949 regern
1767 876 1877 948 iubam,

222 973 382 1034 nominatim
395 973 431 1031 66
449 973 569 1046 eiusdem
596 971 706 1030 Homeri
717 972 827 1031 ritaret
840 971 1026 1044 6666666666
1076 966 1228 1037 hppionsm
1252 974 1280 1023 et
1302 964 1448 1034 Thallum,
1473 966 1627 1039 dequibus
1648 973 1709 1036 hos,
1737 969 1764 1024 66
1790 969 1878 1040 primo

223 1068 351 1135 6666666,
364 1065 423 1124 sire
435 1064 497 1123 datu
510 1077 604 1138 opero,
617 1066 676 1124 sire
688 1065 893 1140 aliudaqentes,
904 1063 1026 1124 institue·
1076 1061 1228 1131 Apparatus
1243 1057 1330 1116 nostrl
1354 1068 1428 1116 tomo
1448 1068 1476 1117 et
1497 1059 1524 1116 in
1539 1061 1726 1148 superioribus
1745 1062 1878 1121 disserta·

227 1168 301 1217 runt.
325 1157 382 1215 lios
403 1169 511 1230 qnoque
533 1157 567 1214 66
590 1156 634 1213 his
661 1165 800 1215 auctorent
822 1155 941 1214 dissidiis
960 1155 1027 1213 allii
1076 1152 1205 1220 tionibus,
1220 1152 1429 1225 disputavimus.

213 1251 402 1309 ‘disseruimus
428 1247 520 1323 (Torta.
536 1248 556 1304 1.
572 1248 699 1322 Apparet.
724 1261 784 1322 paq.
808 1245 889 1318 tite,
913 1248 984 1307 teti
1001 1254 1025 1304 et
1112 1243 1233 1315 Denique
1245 1262 1252 1300 ε
1266 1242 1302 1299 tir
1313 1244 1358 1316 psl
1371 1245 1445 1311 istor,
1456 1244 1495 1301 ait
1508 1243 1691 1301 Tertullianus
1711 1242 1876 1316 (Trinium.

222 1341 308 1415 seqq.)
1077 1338 1196 1410 16666.)
1210 1338 1300 1408 666661
1312 1346 1356 1392 aut
1368 1337 1481 1403 resimis,
1495 1337 1601 1410 judeus
1610 1336 1749 1409 leterius,
1762 1338 1880 1411 Antiqui-

260 1433 395 1490 liaeterunt
408 1443 518 1504 quoquo
532 1429 947 1504 temporeuoromhttomrros,
964 1431 1025 1504 pia·-
1077 1442 1158 1488 tetam
1171 1429 1342 1487 1666666666
1355 1431 1465 1498 uindex,
1486 1431 1512 1486 in
1534 1429 1731 1501 Antiquitatum
1752 1430 1880 1489 videlicut

224 1539 261 1584 66
272 1534 400 1594 constat„
414 1526 454 1581 66
474 1524 607 1596 loscplrus
619 1533 693 1580 recte
707 1525 815 1596 srqnlt,
835 1524 937 1602 nullam
954 1524 1025 1598 sputi
1076 1526 1250 1584 iudaicamm
1263 1524 1359 1595 lihris,
1375 1523 1421 1596 qui
1436 1526 1584 1582 etiamnum
1600 1524 1627 1580 in
1655 1523 1776 1581 oninium
1791 1526 1880 1582 mani·

223 1618 336 1696 Graecos
347 1631 408 1674 csse
419 1616 646 1687 eomortprionent
661 1627 740 1687 ,qum
749 1616 835 1688 hujus
846 1625 936 1688 poetas
957 1627 1026 1687 ops·
1076 1617 1631 1676 6666666666.16666666666166666
1653 1618 1695 1674 his
1716 1627 1822 1676 tantum
1844 1619 1879 1675 lt-

222 1713 301 1771 risus
311 1712 347 1768 sit
359 1710 488 1788 vetustior
512 1707 820 1783 (16666616616666.
840 1708 1025 1782 6166166666.
1078 1712 1137 1769 laris
1161 1716 1243 1780 istos,
1269 1723 1300 1768 ut
1322 1712 1442 1784 loquitor
1465 1714 1567 1769 Auctor
1590 1720 1684 1768 uostcr
1703 1754 1711 1779 ,
1733 1712 1879 1782 scriptores

226 1801 322 1876 1661).
337 1801 408 1872 Qaln
422 1801 503 1858 66666
516 1802 539 1857 si
549 1801 637 1858 cidern
647 1799 766 1872 losepho
775 1799 873 1858 credes
884 1841 891 1868 ‚
903 1810 1025 1872 poemate
1040 1801 1065 1874 Β
1078 1805 1170 1878 proim
1182 1809 1228 1860 out
1247 1805 1353 1860 reviruit
1366 1803 1454 1877 (6666.)
1467 1821 1474 1871 ;
1490 1804 1537 1861 sed
1550 1804 1577 1859 in
1599 1803 1660 1860 aliis
1670 1805 1752 1861 etium
1764 1844 1772 1871 ,
1785 1813 1879 1860 contra

223 1897 297 1954 illius
307 1909 362 1951 666
374 1894 474 1951 litteris
485 1894 641 1965 consignata
653 1901 733 1963 sunt,
746 1893 795 1951 sed
809 1894 1024 1960 6666666666,
1078 1897 1230 1971 66616666
1241 1897 1319 1954 lthris
1332 1911 1400 1970 quos
1420 1897 1475 1968 jam
1491 1896 1634 1954 citavimus
1654 1896 1772 1968 (loseph.
1788 1896 1833 1968 lii.
1855 1896 1877 1952 1.

223 2003 285 2062 666
296 1987 473 2045 61661ὶί66666
488 1988 647 2046 memorilet·
669 1996 772 2044 lentum
786 1985 900 2045 66116666
910 1983 1025 2056 1666666,
1079 2002 1169 2047 contro
1179 1990 1291 2065 Appios.
1303 2007 1364 2064 paq.
1379 1989 1458 2047 thee.
1474 2001 1498 2045 et
1512 2007 1582 2062 seqq.
1593 2006 1654 2063 paq.
1668 1989 1748 2046 ldie.
1757 1998 1781 2044 et
1787 1987 1877 2062 seqq).

224 2083 308 2141 multe
322 2082 350 2138 in
362 2082 403 2138 eis
415 2080 581 2138 immersis
592 2081 805 2152 comperiuntur.
818 2080 859 2136 hd
874 2077 932 2137 heo
943 2091 1024 2148 vers,
1078 2084 1109 2142 in
1123 2084 1166 2140 his
1185 2083 1317 2155 siquidem
1328 2082 1403 2155 plura
1413 2082 1506 2138 rotulit
1515 2098 1549 2138 ex
1559 2080 1635 2138 libris
1645 2079 1877 2153 AEgyptiacorum,

227 2177 276 2234 illo
300 2176 385 2249 patale
406 2183 470 2232 esee
482 2174 590 2231 diremr
608 2175 676 2232 elias
698 2175 821 2232 nationes
838 2174 947 2246 gloriati
967 2187 1026 2231 tea
1078 2177 1183 2234 scilicet
1196 2174 1366 2248 liausthonis
1377 2173 1517 2248 AEqyprii,
1534 2188 1566 2229 ac
1582 2174 1675 2229 Berosi
1690 2171 1810 2228 Chaldaei
1825 2187 1880 2240 ,ex

225 2268 438 2328 theutonum
458 2266 572 2334 066666,
595 2266 701 2323 melliti
724 2267 805 2324 66666
818 2267 1025 2335 adhaurimus,
1078 2284 1133 2341 quo
1146 2266 1306 2340 prodierunt
1318 2266 1352 2323 de
1365 2265 1537 2327 astronomia!
1545 2274 1573 2321 et
1584 2263 1770 2321 Clraldmorum
1790 2264 1878 2337 philo·

227 2361 353 2419 hahuisse
367 2343 592 2434 'anstqotssimnm
619 2360 768 2417 literarum
794 2373 871 2416 usum
894 2359 974 2434 (tom.
1003 2357 1024 2413 i.
1078 2358 1174 2432 sophia
1187 2357 1439 2415 commentationes.

227 2454 355 2527 Apparet,
369 2469 430 2527 pop.
446 2454 510 2511 666.
520 2463 546 2509 et
558 2453 656 2526 seqq).-
667 2453 703 2509 ht
718 2452 807 2508 trullus
822 2461 927 2519 tamon,
940 2452 1027 2525 pergit
1115 2451 1201 2523 iiajor
1215 2452 1305 2523 itaque
1315 2450 1459 2507 diiicnltas
1473 2458 1516 2507 est
1528 2449 1562 2506 66
1576 2449 1656 2506 lertio
1668 2449 1821 2521 scriptore,
1833 2449 1880 2519 qui

227 2546 362 2617 tosephrs
378 2587 387 2615 ,
410 2546 599 2602 demonstrare
620 2544 721 2615 poterit
746 2544 856 2616 aliquod
878 2545 1026 2617 scripturn,
1078 2544 1274 2602 sTerlniliaao
1286 2543 1493 2615 cognominetur
1505 2540 1611 2596 irrasus
1623 2540 1734 2596 Pheris
1748 2540 1812 2613 Tyri
1822 2557 1878 2597 res.

227 2633 329 2712 quoda
355 2640 447 2712 prisco
459 2635 507 2695 iiio
521 2647 658 2710 tempore,
675 2637 717 2692 rel
740 2638 769 2694 in
789 2638 917 2711 templis,
937 2639 980 2695 rel
999 2640 1027 2696 in
1078 2637 1186 2694 1666666
1198 2635 1300 2693 nostris
1310 2633 1503 2706 mumrscriptis
1513 2633 1673 2698 radicitus,
1696 2641 1725 2688 et
1745 2633 1879 2703 antiquio

103 2737 113 2756 ·
225 2731 343 2804 puhlicis
361 2729 728 2788 anathemaliiussertslnnr
742 2728 1028 2804 iuerltrlinpsiscrqo
1078 2729 1155 2786 ribus
1176 2728 1327 2800 Rigahianu
1362 2725 1526 2784 editionibus
1568 2723 1879 2797 1666666ι16666666666

131 2838 149 2868 0
232 2825 534 2881 lihriomterosomncs
548 2822 628 2895 ionga
656 2821 802 2895 temporis,
822 2821 878 2880 imo
899 2832 1026 2882 essecu-
1079 2822 1192 2881 Picenis
1214 2821 1277 2894 Tyri
1291 2837 1347 2876 rem.
1371 2820 1425 2878 Sed
1439 2821 1501 2893 qnia
1521 2818 1624 2875 nullum
1645 2818 1729 2875 luisse
1750 2817 1880 2889 possiam

229 2915 320 2974 iorum
338 2916 482 2973 inremtto
494 2923 720 2972 antecesserunt:
1079 2903 1144 2989 Tyri
1158 2930 1250 2988 regern
1266 2914 1375 2971 nomine
1390 2914 1602 2985 Hieronymum,
1618 2911 1646 2967 in
1665 2919 1743 2968 tcxln
1769 2909 1879 2967 Tertul-

264 3009 335 3066 Nihil
348 3020 448 3075 autem,
465 3007 504 3065 nit
518 3010 618 3066 ductor
631 3017 724 3066 noster
735 3050 742 3078 ‚
755 3008 869 3080 probatu
882 3013 943 3064 6661
964 3007 1029 3066 166-
1080 3008 1144 3065 16666
1167 3007 1250 3064 scribi
1274 3005 1429 3062 maluerunt
1441 3004 1555 3060 iremus.
1582 3003 1767 3061 comestionis
1790 3013 1879 3060 tumen

226 3103 278 3159 lius
301 3101 468 3176 (Tertullioa.
490 3101 624 3174 dpoioqet.
648 3118 707 3174 cop.
734 3101 792 3172 16).
817 3099 870 3158 666
895 3100 956 3171 qnia
977 3099 1028 3157 hoc
1082 3099 1278 3172 hulusnnllarn
1292 3098 1592 3165 ralioncmdederunt,
1608 3099 1659 3154 nisi
1674 3096 1797 3169 quedam
1818 3111 1880 3154 rcr-

225 3195 332 3268 longius
343 3202 421 3264 eret,
444 3205 495 3251 666
508 3201 614 3267 poterut
640 3195 699 3250 sine
717 3193 835 3249 murima
857 3207 874 3249 a
889 3193 1062 3271 propositae
1083 3196 1120 3253 lta
1133 3237 1141 3262 ,
1153 3209 1187 3253 ex
1201 3195 1358 3267 irsqmeotis
1371 3193 1526 3260 Menandri,
1542 3205 1558 3248 6
1575 3192 1712 3264 scaligero
1724 3191 1814 3259 66666,
1828 3189 1879 3247 66-

227 3300 279 3343 666
299 3287 465 3358 diqressione
488 3287 566 3354 iteri,
591 3285 652 3342 6666
673 3285 778 3342 oerrsuit
801 3298 864 3343 esse
897 3284 1026 3342 6666666-
1078 3287 1170 3346 haam.
1186 3287 1240 3345 Sed
1254 3287 1612 3359 lonqcpotiorijrrrcoitare
1632 3285 1768 3343 66666666
1790 3285 1879 3342 Theo

228 3379 304 3436 dnm.
327 3381 369 3435 ho
389 3379 511 3437 vornhis
529 3379 621 3437 serbis
640 3380 720 3436 aliam
741 3394 775 3437 ea
791 3379 828 3436 ds
845 3393 1026 3437 recommon-
1078 3380 1184 3453 plrilntn
1195 3380 1413 3449 Antiochenam,
1433 3393 1514 3450 6666
1527 3393 1582 3434 non
1601 3378 1688 3434 solum
1712 3377 1807 3435 cadmo
1833 3377 1879 3433 616

233 3472 519 3544 lationempromittat,
533 3487 566 3528 uc
586 3471 727 3543 prammsis
747 3471 863 3539 steterit,
874 3469 936 3543 quis
952 3478 1027 3527 cerlo
1078 3487 1165 3546 greca
1188 3474 1270 3531 rerha
1285 3474 1404 3529 citantur
1421 3472 1570 3546 (Tieopltl.
1587 3473 1631 3527 lii.
1652 3469 1698 3530 616.
1713 3470 1748 3525 66
1759 3470 1877 3543 Aetolus.

231 3575 390 3621 6666666666
403 3564 527 3621 66661661
538 3563 578 3621 iic
588 3564 649 3637 quis
660 3573 749 3622 666666
760 3564 825 3621 illud
835 3565 870 3621 ab
880 3578 915 3620 eo
925 3569 1027 3622 temere
1078 3568 1194 3640 poptot
1204 3566 1331 3640 66666),
1345 3566 1393 3623 666
1405 3566 1605 3622 rocaloretiam
1619 3556 1719 3639 16666
1731 3571 1880 3636 666666·
1910 3594 1921 3610 .

227 3657 362 3730 maiatum
373 3657 497 3724 6666666,
513 3657 601 3729 pelam
615 3655 741 3714 omnibns
753 3655 980 3729 spectauimus
999 3664 1027 3713 et
1077 3670 1162 3730 6666,
1174 3660 1323 3727 Hieromus,
1334 3660 1472 3731 Tyriorum
1491 3645 1734 3714 6616666666
1755 3670 1816 3712 csse
1826 3665 1881 3711 tes·

225 3748 523 3821 nqrrihusneminatim
535 3748 714 3820 scriptoribus
731 3749 872 3806 evidenter
886 3747 1024 3821 muitetur.
1078 3754 1225 3826 tator,qni
1238 3754 1330 3825 plnres
1341 3753 1376 3808 66
1390 3752 1586 3817 salomonem,
1614 3758 1642 3807 et
1656 3749 1777 3805 vicissim
1801 3747 1879 3804 Salo·

226 3842 351 3900 Primum
377 3842 518 3899 66666666
536 3841 1025 3917 citatentiquissimaAEpyplierttm,
1076 3862 1142 3905 mon
1156 3847 1190 3904 ad
1204 3863 1265 3904 corn
1291 3848 1437 3919 scripserat
1463 3846 1588 3911 litler'ss,
1614 3855 1674 3916 quae
1688 3841 1759 3915 apud
1783 3840 1879 3927 Tyrios

225 3933 433 4005 mmm,
456 3933 615 3992 6666666666
639 3935 1026 4007 666666616666661,16
1077 3943 1181 4002 serrari
1201 3942 1368 4000 iemhsntur.
1384 3940 1443 3997 lion
1456 3931 1521 3998 inde
1547 3949 1637 3996 tamen
1663 3937 1761 3994 conici
1790 3943 1881 4006 potest

224 4030 324 4103 Tiibffl
344 4031 506 4102 66666116,
527 4030 587 4086 ⁸³⁹⁰
609 4029 792 4096 1166666666
816 4031 1023 4102 renunciemus.
1077 4037 1149 4094 hunc
1159 4051 1249 4110 regem
1270 4035 1370 4110 ahquid
1383 4034 1419 4092 66
1431 4034 1591 4106 6666616666
1604 4031 1780 4089 Hehrreorom
1809 4028 1882 4085 scri·

228 4122 329 4182 Gentes
340 4132 435 4181 666666
446 4123 514 4180 istus
524 4122 587 4179 ideo
599 4122 755 4179 nominihus
774 4124 832 4179 suis
844 4132 939 4191 toust,
963 4123 1025 4195 quia
1078 4140 1125 4204 pto
1140 4129 1293 4186 tradidisse.

228 4215 956 4290 66666,ι66661666666(166666.1666.),1616666666
974 4231 1025 4273 66-
1112 4224 1208 4280 Nonne
1222 4223 1305 4280 etlam
1329 4221 1356 4276 in
1370 4217 1532 4276 Tertulliani
1552 4223 1627 4274 textu
1650 4216 1794 4289 legendum
1818 4225 1881 4274 esse
1990 4209 2001 4220 ⁴

225 4309 405 4381 “iilum
419 4323 510 4366 ”¹⁰¹¹
524 4308 698 4365 liid‘liimffl
712 4309 784 4379 61616
796 4321 844 4365 ⁰0⁸
857 4308 962 4365 haherl.
977 4309 1024 4378 66,
1078 4314 1234 4387 ilierouymi
1263 4323 1361 4370 nomeu
1384 4311 1450 4366 hinc
1476 4310 1566 4381 colligi
1580 4318 1688 4382 potest,
1712 4309 1785 4380 quod
1802 4308 1880 4367 lose·

160 4455 166 4462 ,
224 4401 713 4475 quaesitoresriqartodtttteitthm
727 4397 815 4457 adhue
830 4401 918 4458 rideri
942 4411 1026 4473 pote-
1077 4409 1185 4482 phasin
1198 4403 1494 4480 primaintiqultalum
1509 4403 1680 4460 ludaieerum
1694 4403 1774 4469 11666,
1785 4400 1880 4459 nitide

225 4501 286 4552 rai:
299 4494 444 4551 ammei
455 4502 524 4565 suat,
541 4495 637 4569 hrqntr,
647 4496 788 4565 6666161666
800 4505 897 4560 mmor,
908 4507 954 4567 per
963 4506 1026 4567 qnos
1077 4503 1157 4574 longa
1170 4501 1317 4572 primorum
1331 4494 1544 4569 patriarcharum
1559 4497 1611 4553 rita
1625 4497 1751 4563 disserit,
1767 4495 1804 4550 ihi
1818 4506 1882 4567 post

227 4590 321 4644 66666
357 4589 549 4646 6616666666
583 4599 623 4646 ese
656 4588 822 4665 (Termttim.
851 4588 936 4660 616.).
967 4590 1269 4664 116Β66666666666
1291 4605 1331 4659 se,
1343 4589 1570 4661 queamdmodum
1589 4590 1624 4646 ab
1639 4591 1756 4645 Auctore
1774 4597 1879 4657 nostro,

227 4683 333 4754 nieipm
344 4684 463 4741 6666666
478 4683 725 4756 proprisappotlatt
736 4683 875 4754 sont,qni
889 4683 918 4738 in
929 4682 1024 4742 driu·
1078 4687 1267 4745 Harrmhooem
1283 4693 1311 4742 et
1335 4685 1476 4750 heresum,
1491 4684 1549 4739 haec
1573 4683 1681 4755 scripsit
1703 4700 1711 4737 :
1735 4689 1824 4756 reapse
1837 4688 1880 4740 ut

224 4782 285 4831 letti
302 4785 443 4832 mulii
454 4777 558 4847 1666666
568 4817 576 4844 ,
588 4774 746 4832 miltiibus
757 4783 931 4831 romanorum
954 4774 1027 4834 lille*
1075 4769 1203 4841 fierreiee,
1215 4781 1258 4833 esti
1270 4785 1329 4851 epig
1341 4780 1447 4839 66τοῖςὸ
1463 4781 1587 4849 sipiritus
1600 4769 1735 4851 irpo'raapeee,
1748 4784 1813 4835 6666
1823 4799 1881 4852 pet·

225 4867 335 4924 11616666.
348 4867 403 4926 Seii
413 4868 460 4925 1166
471 4861 626 4926 6660166666
634 4868 748 4927 abusive
757 4867 892 4942 siqnidem
904 4868 1026 4942 ejusdem
1078 4879 1135 4930 6666
1157 4879 1338 4942 metipsum,
1360 4877 1510 4941 cummim
1523 4874 1576 4934 τοῖς
1598 4870 1639 4926 ὕπ’
1658 4876 1717 4941 ipre
1739 4874 1878 4946 itpiprssesr.

225 4959 911 5035 regionisincolae.iiam,etqentes,ctscriptores
935 4963 1026 5020 noroi·
1076 4967 1206 5034 6166166,
1238 4963 1435 5030 11666666
1469 4960 1644 5035 Hieronymus
1667 4965 1810 5036 aeqyptius,
1836 4965 1882 5034 pri

220 5050 417 5122 -rsatimrooat,
430 5066 466 5110 er
480 5052 618 5126 AEqyptiis
629 5053 978 5125 Hanethonem,iierosum
992 5072 1027 5114 ex
1079 5061 1232 5119 Phunierm
1255 5075 1297 5114 res
1329 5058 1457 5129 66666666
1486 5066 1563 5127 666,
1585 5057 1716 5114 roliacum
1739 5064 1881 5114 consonant

223 5143 377 5217 chaldeis,
393 5146 599 5219 aiosepho,ut
612 5150 768 5220 paulopost
781 5149 944 5218 astabimus,
960 5150 1026 5206 uita-
1079 5154 1199 5227 (decepis
1225 5151 1269 5208 il.
1296 5149 1317 5205 1.
1343 5149 1469 5222 6666666.
1495 5165 1553 5220 erp.
1582 5150 1609 5206 1.
1637 5165 1698 5222 pop.
1727 5147 1782 5222 il).
1804 5147 1881 5207 Hunc

224 5237 425 5313 606661660θῖ
440 5239 615 5299 Piloed'liiblli
638 5241 756 5298 liimllm
776 5240 842 5316 Titi
862 5258 975 5316 regim,
991 5244 1026 5300 dii
1078 5260 1167 5308 aulem
1194 5248 1389 5320 Hieronymum
1423 5247 1451 5302 itt
1486 5259 1579 5302 eorum
1615 5259 1728 5301 numero
1757 5243 1879 5315 posuit,

225 5345 386 5408 qnopostea
401 5336 487 5394 insius
498 5337 643 5405 66666666.
657 5333 687 5393 st
702 5351 769 5394 rero
793 5337 885 5394 hiron
907 5337 1025 5396 snii'rcie·
1077 5343 1124 5416 qui
1150 5341 1185 5399 de
1208 5339 1323 5412 longiori
1336 5337 1394 5394 666
1422 5345 1450 5395 ct
1472 5337 1641 5409 superiorum
1665 5335 1880 5409 patriarcharum

224 5427 551 5501 666ι,66)661666666666
563 5435 713 5486 sectutores
725 5429 900 5485 Ptolemaeum
915 5429 1025 5488 616666-
1078 5436 1131 5490 rita
1147 5434 1276 5505 scriptum
1289 5428 1390 5503 aliquid
1400 5429 1575 5502 reliquerunt.
1589 5427 1620 5484 ln
1634 5428 1722 5501 primo
1732 5435 1821 5483 tamen
1833 5425 1880 5484 ad-

224 5519 313 5588 sirm,
328 5521 375 5593 qui
389 5521 535 5590 sacerdos,
551 5519 638 5593 lnquit
650 5518 781 5578 clunens
799 5520 1023 5592 Alexandrinos,
1080 5543 1177 5587 versus
1189 5526 1340 5598 hppionem
1352 5525 1422 5581 lihro
1435 5525 1562 5582 ohserrat
1573 5522 1766 5595 Hieronymum
1786 5533 1823 5578 es
1846 5519 1881 5578 iis

227 5611 366 5684 (Clemens
391 5613 531 5671 6666666·
553 5614 598 5671 it'i·
621 5612 644 5670 Ι·
669 5611 841 5686 86066166
863 5615 1024 5686 utilimum
1078 5618 1252 5692 scriptoribus
1271 5632 1353 5675 unum
1376 5616 1512 5689 csse,qni
1532 5614 1658 5673 historias
1677 5611 1881 5673 6666666666-

224 5703 360 5765 unsshtm
372 5707 479 5781 6136666.
501 5708 546 5764 tit.
573 5706 608 5766 tt.
625 5721 738 5780 praepoc
763 5705 863 5780 66666.
895 5719 953 5778 cad·
978 5706 1022 5764 ¹2·
1078 5714 1163 5772 666666
1187 5712 1276 5785 qentis
1297 5726 1352 5769 non
1369 5711 1492 5770 meminit
1505 5710 1603 5784 (1666,
1620 5709 1665 5766 tit.
1680 5707 1701 5766 1.
1725 5717 1807 5764 conr.
1823 5706 1881 5779 Ap·

224 5813 286 5872 m.
312 5798 389 5874 iii),
408 5813 502 5877 regilli}
524 5799 635 5876 AEmfi
658 5815 705 5861 m
730 5800 1026 5878 666661616666116166
1079 5807 1149 5880 pion.
1164 5822 1225 5879 pop.
1241 5804 1325 5881 1650)
1339 5822 1346 5863 l
1361 5812 1492 5880 ltprimum
1504 5811 1548 5879 peip
1561 5803 1667 5876 rhispao
1687 5805 1753 5860 reri
1763 5802 1808 5857 ria
1822 5805 1885 5858 im·
