4242 6259
273 271 330 332 855
812 264 846 326 iti
865 260 1098 324 suasumttut
1111 259 1377 324 stosoustrctitt
1751 262 1765 301 ⁰
1871 261 1925 338 ψ

276 343 422 460 spensam,
435 390 492 446 sire
504 383 775 457 ntsmnpetistomm
790 391 899 440 utamur
909 381 1004 446 rerba,
1025 380 1071 435 de-
1085 380 1113 442 Α
1125 379 1196 436 lecto
1215 378 1327 438 dubium
1349 392 1411 438 esse
1431 387 1539 452 potest,
1553 379 1624 453 quin
1637 378 1792 456 cyprianus
1805 380 1841 439 ad
1853 383 1925 443 bone

277 491 426 551 sponsatam
444 479 553 553 quidem
575 477 659 533 luisse
678 474 807 547 losepbo,
819 475 862 531 eui
883 482 944 545 post
964 473 1075 530 brerea
1125 471 1282 529 Tertulliani
1297 471 1382 529 nostri
1394 473 1484 530 losum
1494 472 1655 545 respexerit,
1670 488 1732 531 uum
1747 473 1807 533 baso
1818 477 1926 549 seriptis

276 583 407 645 uonoeptu
421 572 591 629 intervallum
611 579 692 642 nupta
715 577 767 626 est.
780 567 834 626 Sed
856 568 946 624 nullus
967 567 1076 624 Tertul·
1126 565 1263 623 tradebat:
1280 562 1367 638 dirpsi
1379 567 1457 640 initur
1469 567 1653 638 insisteretur,
1675 568 1783 640 matie,
1808 570 1926 646 dissipit.

276 665 341 722 lioni
363 672 481 720 mentem
494 664 613 731 certius,
634 675 716 735 quum
728 647 776 717 'ilie
794 661 853 731 ipse
867 660 971 733 aperire
987 667 1077 730 petest
1126 673 1214 730 nosse
1231 658 1325 714 orbiter
1333 667 1357 714 et
1369 659 1498 732 ammaim,
1512 658 1604 716 Sermo
1613 669 1637 714 et
1652 657 1738 716 Filias
1745 659 1793 717 Dei
1807 662 1924 733 mittitur,

275 756 377 825 (Peion.
390 754 486 810 tonsi.
496 751 876 826 Tbeolap.dopmot.lii.XiV.
889 752 983 824 romb
996 751 1010 823 5
1024 751 1074 817 {03
1125 750 1169 820 ptri
1184 765 1230 821 per
1242 751 1379 820 propbetas
1390 766 1477 806 omnes
1488 759 1557 806 retro
1570 750 1730 807 illuminator
1744 761 1768 808 st
1779 752 1926 828 doctorps·

275 846 501 919 dieronrpmmto.
518 845 617 918 stetui).
640 847 675 901 tt
696 845 724 901 irr
746 843 846 900 suade
873 858 955 900 cartre
974 842 1075 900 Christi
1126 840 1312 898 mutianum·
1330 841 1518 914 predicabatur
1519 881 1574 898 .....
1589 841 1642 898 tite
1655 844 1682 898 in
1695 844 1819 918 rupium
1837 845 1925 904 illarii·

274 937 344 993 libro
370 937 427 993 inme
448 936 484 994 de
513 937 595 993 llaria
620 936 726 1010 rirpiue
748 934 856 1007 scripsit
889 951 897 995 ε
923 933 980 990 litai
1003 934 1075 1007 sirpo
1126 941 1177 999 tur.
1191 951 1293 990 earnem
1308 933 1411 1008 Spiritu
1425 936 1925 1006 smmtooooperonte,indsitsr.·dlerts

274 1030 451 1102 correspit‚in
466 1039 542 1102 porta
555 1045 601 1084 suo
620 1029 799 1099 nupsit,ipsn
818 1026 941 1101 perspersi
959 1026 1076 1099 eorporis
1126 1041 1186 1082 runt
1221 1027 1323 1084 bomine
1355 1027 1473 1083 miscetur
1509 1028 1519 1099 (
1531 1027 1654 1100 cyprian.
1687 1029 1741 1086 tis:
1762 1029 1795 1086 de
1824 1028 1923 1089 stota.

276 1121 349 1194 lopo,
363 1135 444 1192 qrrant
467 1111 565 1177 ibidem
586 1121 667 1178 uitat:
684 1119 766 1175 Omne
784 1119 955 1175 sterculinum
976 1118 1075 1189 ndnpe-
1127 1119 1205 1173 oonit.
1220 1117 1243 1192 ).
1270 1119 1368 1175 llistus
1387 1128 1476 1174 autem
1499 1119 1535 1175 ab
1561 1134 1614 1183 eu.
1641 1118 1713 1176 siout
1730 1118 1924 1179 aTertullisrtu

273 1215 342 1269 mena
353 1215 464 1277 oslsom.
478 1225 609 1286 sonetum
622 1214 751 1270 secubitus
777 1211 887 1267 bonane
909 1208 1010 1284 (idom,
1028 1211 1074 1267 tii.
1126 1210 1235 1278 dicitur,
1250 1225 1303 1268 nun
1315 1211 1454 1283 utriusque
1467 1220 1570 1267 naturae
1579 1211 1678 1268 divina
1689 1219 1717 1269 et
1726 1210 1923 1271 bumannum

273 1307 307 1362 de
325 1323 402 1362 corne
429 1307 524 1364 Cirrist.
548 1323 606 1380 cop.
633 1307 692 1379 23).
719 1305 800 1363 l'iales
822 1320 888 1362 eane
901 1304 1010 1360 neritum
1024 1321 1075 1358 nu·
1126 1301 1161 1357 ab
1181 1300 1356 1374 Euiyolrinnis
1378 1299 1553 1365 confusione.
1577 1301 1626 1358 ssd
1648 1302 1710 1373 quia
1728 1300 1870 1371 Cbrbtus,
1893 1311 1926 1361 ut

273 1399 438 1456 berelrieab
457 1401 574 1457 eusumi
599 1415 648 1470 pro
671 1398 783 1471 nirpinis
805 1406 899 1469 partu,
921 1412 975 1469 qrro
996 1395 1074 1452 vulsa
1126 1393 1207 1466 ponto
1228 1403 1292 1450 ante
1317 1393 1489 1462 monuimus,
1512 1401 1653 1464 utramque
1676 1402 1798 1451 naturam
1821 1395 1925 1467 perles·

272 1491 332 1563 ejus
353 1501 471 1548 reserata
492 1500 543 1547 est.
568 1490 700 1563 Noniani
723 1489 832 1563 quidem
853 1489 998 1560 qrraerimus
1021 1502 1075 1559 quo
1127 1494 1181 1542 um
1195 1487 1292 1543 divina
1315 1502 1372 1543 sua
1393 1501 1516 1558 persone
1529 1486 1700 1557 coniunctam
1722 1488 1927 1562 copulatamque

272 1596 355 1639 sensu
365 1597 425 1640 eam
438 1594 560 1657 apertam
571 1597 633 1641 esse
645 1583 758 1646 dixerit,
774 1581 809 1637 de
821 1594 875 1653 quo
888 1579 916 1635 in
931 1580 1030 1636 nastris
1039 1579 1075 1635 ad
1126 1579 1218 1638 babet.
1381 1641 1392 1660 A*

274 1671 446 1729 Ambrosium
461 1673 708 1730 observationibus.
723 1671 806 1727 Nullis
819 1672 892 1728 enirn
907 1687 979 1729 nano
997 1670 1073 1727 sulin-
1162 1673 1230 1731 Tum
1245 1672 1344 1731 deliine
1357 1675 1459 1730 tortor
1472 1682 1565 1731 noster
1577 1673 1708 1745 ipsosmet
1726 1674 1843 1746 gentiles
1859 1674 1927 1732 alto·

271 1765 308 1821 oit
320 1764 401 1830 illud,
422 1764 456 1820 de
470 1780 524 1834 quo
537 1765 618 1837 igitur
631 1764 743 1820 verbum
758 1762 852 1819 nubem
870 1760 906 1817 ab
932 1775 965 1817 eo
986 1760 1071 1832 aeoipi
1086 1767 1110 1828 Β
1123 1775 1221 1831 cutus.
1233 1765 1292 1824 buo
1305 1766 1339 1823 ab
1357 1767 1391 1823 iis
1413 1767 1490 1838 rejici
1510 1782 1563 1825 non
1579 1781 1659 1850 posse
1681 1767 1722 1824 sie
1735 1766 1926 1825 demonstrat:

274 1872 324 1927 pru
339 1856 479 1913 muliebris
501 1858 568 1914 uteri
592 1857 618 1912 in
640 1866 718 1930 parto
738 1854 918 1928 patefactione
943 1852 1029 1928 (Not.
1045 1854 1072 1910 in
1124 1858 1241 1929 Recipite
1259 1859 1361 1915 interim
1383 1858 1449 1915 bons
1462 1858 1592 1932 solutam,
1613 1858 1672 1916 sire
1693 1858 1772 1915 sicuti
1790 1858 1926 1929 sabotam,

272 1948 390 2006 Anrbros.
405 1950 525 2022 Euporia
549 1949 649 2024 Eoonp.
673 1959 734 2006 sest.
755 1949 818 2005 Lus.
832 1949 852 2020 ).
876 1947 952 2005 stom
982 1957 1072 2005 autem
1122 1951 1215 2006 similia
1235 1960 1271 2006 est
1294 1951 1398 2015 uestris,
1413 1949 1475 2005 dunt
1495 1951 1651 2006 ostendisses
1663 1952 1791 2022 quomodo
1809 1948 1926 2008 chrisum

263 2021 371 2113 fraegere
397 2056 450 2098 non
469 2056 611 2112 posssimus
637 2040 707 2098 hane
719 2040 830 2097 minime
851 2042 987 2112 propriam
1007 2054 1069 2097 esse
1123 2046 1252 2117 probetur.
1269 2045 1390 2102 Sciebant
1401 2044 1445 2117 poi
1458 2061 1534 2116 penes
1547 2060 1591 2100 ooo
1608 2044 1709 2116 sabulos
1721 2043 1757 2100 od
1770 2043 1924 2101 destructio·

270 2133 352 2205 bujrts
381 2133 454 2191 verbi
487 2135 729 2205 significationem.
757 2134 792 2190 ita
811 2140 888 2216 ‘certe
910 2146 1005 2189 amnes
1029 2131 1071 2189 la·
1122 2151 1181 2192 nem
1192 2137 1388 2192 omitntisiatins
1401 2136 1508 2192 aennuloa
1529 2136 1791 2207 praeministrtrutrunt
1805 2135 1925 2210 (Tertul-

271 2227 323 2282 teri
336 2224 436 2282 debent
456 2226 583 2282 illibatam
601 2226 693 2283 biarire
708 2225 888 2297 uirginitatem
906 2224 942 2281 ab
957 2224 1072 2282 itineri·
1122 2230 1186 2284 lion.
1210 2229 1344 2301 Apolopet.
1366 2245 1425 2300 oop.
1447 2229 1493 2296 ΞΙ,
1516 2246 1577 2300 pop.
1593 2228 1671 2301 59⁹).
1683 2229 1714 2287 lu
1738 2231 1838 2287 nostris
1859 2246 1924 2289 sero

271 2317 428 2375 dontissime
439 2321 524 2377 asseri
531 2319 617 2390 (Tom.
641 2319 661 2374 l.
670 2320 797 2392 Apparet.
812 2319 857 2376 tit.
869 2318 914 2386 ΙΙΙ,
929 2317 1069 2385 disseret,
1122 2320 1312 2391 manuscriptis
1320 2319 1474 2385 saucibus,
1488 2330 1516 2375 ot
1529 2332 1592 2377 ante
1602 2319 1745 2393 Ripaltium
1760 2321 1850 2390 editis,
1863 2332 1924 2394 post

270 2426 329 2480 cop.
346 2409 373 2475 6,
390 2419 441 2465 nrt.
462 2411 491 2477 9,
511 2429 571 2482 pop.
587 2411 671 2484 975).
687 2409 747 2467 Non
761 2413 787 2466 ln
807 2425 857 2467 suo
868 2411 944 2468 enim
966 2417 1070 2466 tautum
1122 2411 1237 2469 verbum
1251 2411 1389 2485 probum,
1405 2413 1463 2469 bose
1476 2413 1565 2478 aliter,
1580 2414 1673 2485 sieque
1686 2413 1788 2487 scripta
1801 2423 1865 2472 suut
1876 2435 1884 2473 r
1897 2426 1923 2472 st

268 2504 462 2575 spotnperieo,
483 2504 532 2560 sed
549 2505 603 2560 alio
623 2505 705 2560 etism
721 2504 748 2560 in
762 2503 851 2572 libro,
867 2513 897 2560 ut
916 2502 981 2559 alibi
999 2502 1070 2560 nidi·
1120 2505 1248 2576 palpones
1259 2522 1303 2561 ooo
1313 2505 1439 2577 riumodi
1451 2506 1553 2576 {omre
1563 2507 1671 2566 enmtm
1682 2507 1717 2562 nd
1727 2506 1922 2565 deatnrtionenr

269 2608 346 2662 moe,
361 2594 427 2650 illud
440 2594 634 2651 «loramentum
651 2595 771 2662 stabilit,
794 2610 826 2653 ao
848 2593 990 2653 eondrmat
1009 2605 1070 2650 tan·
1121 2597 1234 2652 seritotto
1250 2595 1393 2651 istiusmodi
1406 2597 1671 2670 preminiotroneriau
1689 2597 1744 2655 cur
1757 2613 1822 2655 sero
1833 2599 1921 2672 iiipal

267 2700 348 2756 quam
361 2685 396 2741 ab
416 2687 543 2744 universa
565 2688 606 2743 sui
627 2688 755 2758 temporis
779 2686 920 2753 Ecclesia.
936 2696 965 2745 et
988 2696 1069 2745 antea
1121 2684 1241 2742 tirrslneo
1255 2686 1336 2743 rerba
1351 2687 1548 2756 immutaverit,
1561 2687 1661 2745 nolum
1674 2688 1709 2744 ab
1727 2705 1761 2747 eo
1775 2689 1927 2762 exspectes'

267 2791 367 2847 snagan
387 2791 520 2833 aurisensu
540 2786 689 2850 receptum.
705 2773 760 2834 llos
773 2792 839 2835 reru
853 2778 887 2834 de
899 2792 933 2834 eo
946 2779 973 2835 in
987 2794 1070 2849 supe·
1119 2780 1260 2836 rationem.
1279 2778 1460 2837 Tertullianus
1480 2791 1569 2837 autem
1588 2781 1719 2838 adsersus
1741 2782 1864 2840 etbnioos
1879 2784 1921 2842 sio

268 2873 386 2931 aternum
399 2876 499 2932 trusam
513 2875 746 2935 damnationum
766 2878 983 2953 disponamur(
996 2880 1068 2940 tois.
1119 2881 1340 2944 argumentatur:
1359 2872 1484 2941 euincere
1506 2872 1572 2929 mnas
1595 2874 1707 2945 parem
1730 2889 1780 2943 m,
1798 2890 1860 2947 poa
1883 2875 1919 2935 ⁶⁰

267 2964 314 3020 tii.
330 2964 363 3031 ll,
375 2967 478 3023 drama.
492 2968 520 3024 6.
535 2985 593 3041 cop.
610 2971 637 3037 ¹1,
653 2970 667 3043 p
684 2971 711 3036 ὅ,
728 2971 1069 3043 ppp,697;1iimmr,ip
1119 2966 1246 3033 cbristo,
1269 2966 1381 3038 eiusque
1403 2982 1436 3023 ex
1451 2967 1554 3039 rirpine
1573 2977 1654 3036 urta,
1673 2975 1703 3026 et
1723 2968 1840 3026 bumana
1862 2970 1920 3028 uita

268 3054 387 3112 bortum.
401 3073 460 3131 esp.
477 3060 522 3115 ll.
545 3070 596 3116 aar.
616 3062 644 3118 3,
659 3071 722 3120 rom,
735 3065 761 3119 t.
778 3064 904 3136 apparas.
918 3065 968 3122 ιω,
985 3067 1028 3122 051,
1045 3075 1069 3123 a
1120 3056 1300 3126 dirimerem
1315 3072 1376 3115 esse
1390 3057 1517 3115 tabulam.
1532 3060 1577 3125 At,
1590 3060 1642 3117 etsi
1654 3059 1679 3116 id
1697 3060 1772 3118 nobis
1783 3061 1918 3120 eonoeds·

267 3145 313 3202 tat.
329 3147 357 3214 s,
377 3148 478 3206 ararem.
495 3148 524 3217 s,
537 3167 596 3223 ep,
609 3152 636 3217 s,
656 3162 706 3207 art.
722 3151 749 3220 t,
765 3170 825 3228 pop.
842 3155 906 3224 aar,
925 3166 948 3211 o
959 3171 1029 3229 epp.
1042 3152 1103 3216 ec
1119 3164 1177 3206 rau
1189 3190 1198 3217 ,
1211 3148 1379 3206 sareanen
1391 3164 1593 3222 unanimem,
1605 3149 1652 3207 sed
1663 3151 1780 3223 nepem
1791 3151 1916 3220 renem

266 3236 376 3296 Diruert.
390 3242 418 3297 in
434 3241 551 3302 antom.
567 3262 626 3315 esp·
641 3245 668 3309 8.
683 3256 733 3301 mr.
745 3247 758 3306 l
769 3248 793 3320 l.
1119 3244 1217 3315 quippe
1228 3258 1290 3316 pute
1304 3243 1336 3299 iis
1349 3243 1445 3299 similis
1457 3251 1511 3308 est,
1524 3258 1592 3315 quas
1606 3242 1729 3300 luxistis.
1739 3243 1918 3304 ostendimus

303 3333 395 3390 Palam
417 3334 506 3392 adhue
519 3336 701 3393 Tertullianus
723 3338 864 3408 profitetur
882 3338 954 3395 bone
966 3338 1067 3397 christi
1118 3336 1191 3392 enim
1210 3335 1346 3408 quomado
1358 3335 1483 3393 cbristus
1497 3337 1532 3394 de
1553 3336 1657 3408 virgine
1678 3346 1757 3394 natus
1772 3338 1917 3409 probetur.

266 3442 301 3485 ex
324 3429 428 3500 uirgine
442 3439 548 3497 ortum,
572 3440 600 3486 et
618 3430 764 3487 adventum
787 3432 813 3486 in
829 3440 931 3499 terras,
951 3433 1066 3489 ameris
1117 3444 1150 3484 ae
1168 3429 1259 3500 plures
1284 3444 1346 3486 esse
1365 3429 1530 3502 scriptores,
1552 3429 1597 3501 qni
1619 3428 1723 3486 similes
1742 3428 1865 3499 tabulas,
1882 3431 1919 3487 od

266 3522 485 3578 nostrisvatibus
498 3523 705 3592 praenuntiatum
718 3522 813 3581 luiss'e.
827 3523 1020 3597 serapoeum
1033 3525 1063 3582 it·
1117 3523 1313 3579 destructionem
1336 3523 1448 3578 ueritatis
1477 3539 1553 3593 penna
1583 3540 1627 3580 nos
1653 3524 1914 3594 prenintrnmeriat.

264 3608 351 3666 iorum
366 3612 491 3680 ursonis,
509 3611 560 3670 boe
574 3614 601 3668 in
616 3612 700 3680 libro,
724 3615 750 3670 in
763 3629 818 3685 quo
831 3614 954 3674 brevitati
966 3632 1065 3675 eonsu-
1117 3615 1165 3673 [tie
1176 3627 1285 3687 auum,
1302 3634 1410 3690 quaeso.
1425 3629 1514 3675 ntrrrm
1529 3619 1575 3676 bio
1587 3619 1785 3693 descriptarum
1801 3622 1829 3680 iu
1839 3622 1915 3680 oudi-

263 3697 355 3764 iobnt,
372 3700 450 3768 plane
469 3702 561 3757 tacuit.
577 3703 655 3758 Plura
669 3718 733 3761 reru
752 3704 797 3760 ille
811 3705 836 3760 in
852 3704 1064 3764 librosdrersus
1116 3711 1192 3767 cibus
1217 3713 1316 3769 nastris
1339 3713 1482 3769 verborum
1508 3714 1665 3771 Tertulliani
1689 3732 1807 3788 sensus,
1829 3718 1914 3791 mapa

264 3787 391 3856 iudeus,
412 3791 498 3847 etalii
512 3792 619 3852 ‚inullis
638 3794 714 3851 libris
730 3796 895 3866 retulerunt,
911 3797 946 3855 de
964 3798 1063 3871 quibus
1114 3818 1195 3874 qtram
1209 3803 1235 3859 in
1252 3803 1401 3876 Ripaltiana
1416 3806 1535 3862 editione
1547 3807 1734 3864 obserarussit.

264 3877 354 3937 adhue
365 3881 393 3939 in
407 3881 501 3939 iisdem
513 3883 697 3954 pauperioribus
709 3886 810 3943 nostris
828 3888 1063 3948 dissertationibus
1149 3895 1295 3962 Caeterum,
1308 3903 1386 3952 ariter
1400 3897 1522 3955 lustinus
1533 3907 1636 3973 martyr
1647 3900 1728 3957 simili
1742 3901 1820 3972 plane
1831 3901 1913 3961 modu

263 3980 382 4026 aeroma
403 3971 482 4028 nobis
500 3970 558 4028 irrit.
583 3971 714 4031 Omittere
737 3983 828 4033 tamen
847 3994 900 4033 non
921 3992 1063 4050 mamus
1112 3996 1206 4045 eontra
1219 3988 1328 4045 eosdem
1346 3989 1459 4060 pensiles
1472 3989 1915 4067 disputaveratmtssmtntup·

262 4059 360 4117 tustini
374 4063 500 4152 martyris
513 4064 713 4133 testimonium,
728 4066 798 4140 qarod
813 4067 970 4128 Tertulliani
982 4072 1062 4132 dietis
1110 4089 1336 4154 merewinnae
1348 4088 1604 4154 ,impotentissimi
1617 4092 1689 4142 „a”
1701 4095 1760 4155 ,pag
1770 4095 1811 4141 «a,
1821 4094 1913 4159 utpote

262 4151 365 4221 optime
376 4155 518 4225 congruit,
532 4169 617 4227 eaque
630 4155 726 4213 mirum
741 4159 768 4213 ia
784 4158 893 4216 mudum
906 4162 1058 4223 cantemas.
1111 4179 1171 4228 tm
1181 4177 1245 4242 ὑμῖν.
1256 4170 1332 4239 Quod
1345 4189 1403 4236 omn
1416 4183 1440 4229 et
1458 4190 1491 4230 ee
1504 4174 1600 4247 sirpine
1612 4175 1748 4232 Christum
1758 4186 1848 4234 notans
1858 4193 1913 4235 aare

262 4238 313 4298 Ubi
329 4242 402 4299 enim
423 4245 608 4302 seriosissimus
623 4246 668 4303 ille
681 4258 783 4318 martyr
803 4251 894 4322 plures
911 4254 1060 4316 detiorum
1111 4262 1484 4335 predicomur.connnrune'ait
1497 4266 1546 4324 laos
1556 4284 1656 4340 pansae
1669 4279 1773 4341 propter
1790 4270 1909 4328 Perseum

260 4330 491 4391 cbristiadventu
506 4351 644 4393 sacrorum
664 4340 855 4411 prophetarum
871 4344 1060 4414 praedictiones
1111 4355 1237 4412 nobiseum
1260 4354 1378 4430 (tanin.
1401 4357 1512 4432 Apolop.
1539 4357 1581 4432 Ι).
1607 4359 1675 4417 Nota
1698 4361 1838 4420 enimvero
1868 4371 1911 4420 est

260 4424 344 4490 uitat,
357 4435 437 4497 ntqrre
450 4427 521 4484 bane
535 4428 561 4484 in
573 4430 667 4501 primis
676 4431 762 4496 lsaiae.
780 4432 845 4492 Eros
859 4435 937 4511 i'irpo
947 4439 974 4496 in
986 4452 1058 4499 utero
1109 4448 1235 4506 omnibus
1261 4448 1319 4506 lutee
1342 4449 1449 4516 labala,
1471 4467 1523 4522 qna
1547 4452 1660 4524 gentiles
1685 4456 1829 4510 romanensi
1845 4462 1909 4511 sunt

261 4513 383 4571 butem:
397 4516 433 4572 ibi
447 4519 563 4576 ostendit
579 4520 679 4578 nullam
699 4522 761 4581 inde
778 4525 894 4586 etbniois
907 4530 966 4587 dari
980 4547 1060 4590 urea·
1070 4533 1098 4595 D
1110 4538 1225 4609 ionem,
1241 4540 1268 4597 in
1282 4556 1393 4598 aureum
1408 4541 1522 4598 imbrem
1543 4557 1721 4610 eorrsersum,
1736 4544 1907 4604 descendisse

259 4607 364 4664 sionem
377 4623 455 4665 suum
470 4612 615 4669 excusandi
626 4613 731 4679 iorem.
746 4616 791 4690 qrri
805 4619 896 4689 plures
906 4621 1058 4683 adulterino
1110 4632 1145 4689 ad
1159 4632 1277 4698 Danaen,
1286 4643 1314 4689 et
1327 4633 1362 4689 ab
1373 4648 1405 4690 ea
1415 4634 1544 4691 Perseum
1558 4636 1691 4708 genuisse.
1707 4636 1781 4694 Alias
1796 4647 1907 4709 preter·

259 4700 403 4756 cuncubitu
425 4702 523 4759 liberos
538 4715 701 4777 susceperat.
712 4707 778 4766 Nam
792 4709 858 4767 illud
871 4711 947 4770 isaim
964 4717 1058 4774 satiri·
1109 4736 1140 4777 ea
1163 4723 1332 4780 ethnicorum
1354 4724 1458 4781 fabulas
1476 4725 1574 4783 ibidem
1598 4736 1707 4785 sanetus
1726 4738 1830 4803 martyr
1849 4744 1907 4787 roe·

278 4791 284 4804 ’
344 4812 351 4849 ²
370 4803 485 4863 sapsam
507 4802 533 4853 ai
556 4805 758 4856 «annosissimam
775 4813 821 4858 ess
840 4813 952 4880 sapsam
971 4819 1057 4866 roma·
1109 4823 1212 4881 morat,
1223 4829 1290 4887 quas
1305 4814 1362 4881 lais,
1377 4831 1437 4888 que
1450 4816 1484 4872 de
1496 4815 1608 4874 cbristo
1620 4833 1685 4876 rere
1699 4828 1855 4889 narramur,
1868 4819 1906 4877 si·

256 4889 323 4939 θῶ·
338 4891 358 4954 ⁸?
370 4892 414 4958 siti
425 4895 590 4954 ltvtrwa'wla
604 4899 649 4946 fai
660 4900 765 4954 mersit·
782 4901 822 4951 οὗ»
834 4905 871 4951 rm
886 4903 914 4962 ἦν
924 4909 1054 4971 nepetam·
1108 4905 1187 4962 miles
1200 4920 1261 4962 esse
1274 4906 1402 4964 ostendit.
1419 4908 1514 4966 Postea
1540 4924 1606 4966 nero
1625 4909 1671 4968 ille
1695 4910 1788 4982 adjiea’t
1801 4910 1906 4969 tabutas

255 4982 318 5034 ἀλλὰ
344 4979 442 5049 δῦκμις
475 4989 535 5037 Θεοῦ
566 4991 692 5039 tortuosos
716 4999 747 5058 τῇ
771 4996 897 5076 enpdinpn,
921 4997 1056 5049 mamm
1106 4993 1260 5068 husjusmodi
1279 4997 1314 5053 ab
1328 4997 1441 5056 ethnicis
1455 5000 1559 5069 puelia,
1574 4999 1700 5057 instinctu
1714 5001 1906 5073 dolisquedae·

254 5074 350 5135 «ieet,
375 5077 416 5128 καὶ
438 5090 581 5145 noemam
604 5086 715 5147 “illut
735 5076 805 5133 tim
828 5092 954 5144 ematosa.
967 5083 1056 5157 Sipni·
1106 5104 1216 5147 morsum
1238 5090 1299 5148 iden
1314 5090 1483 5161 decantatas,
1505 5100 1535 5150 ut
1547 5107 1607 5164 aare
1620 5109 1635 5148 a
1647 5091 1756 5151 Christo
1775 5093 1905 5153 mirabili·

254 5162 316 5233 fient
337 5164 458 5244 sirpinem
486 5166 578 5237 nimae
598 5170 780 5225 consuetudine
810 5188 914 5231 ommes
945 5192 1054 5249 oonmp·
1106 5188 1231 5254 terpestas
1243 5190 1320 5248 sunt,
1335 5181 1490 5254 prolabulis
1504 5186 1669 5257 poetieisque
1682 5186 1842 5244 oramentis
1854 5186 1903 5243 lra-

254 5263 342 5308 rsrom
373 5256 463 5327 [uisse.
478 5257 510 5313 st
531 5259 599 5313 eninr
630 5276 688 5315 cunr
715 5277 842 5334 quoquam
869 5269 1051 5336 committet,
1103 5272 1242 5332 berenmr.
1373 5255 1381 5269 ⁸

253 5361 306 5402 non
323 5345 380 5418 ianr
397 5350 468 5422 sirpo
483 5351 580 5422 {uisset
592 5351 626 5407 At
636 5354 703 5409 enim
721 5356 800 5412 uirtus
819 5358 912 5430 sirpini
929 5377 1050 5435 superse·
1139 5365 1225 5425 Neruo
1239 5377 1282 5426 est
1294 5377 1400 5438 animm,
1413 5369 1475 5442 qui,
1489 5371 1568 5428 nobis
1580 5373 1661 5430 etiam
1675 5373 1834 5444 silentibus,
1846 5388 1902 5434 nutu

253 5437 341 5505 niens,
355 5438 396 5495 itti
414 5439 587 5508 nitasuram,
602 5455 627 5500 et
647 5445 717 5518 sirpo
736 5462 795 5503 suns
814 5458 893 5518 saut,
915 5461 943 5532 ut
962 5457 1051 5525 petum
1103 5456 1234 5532 intelligat
1251 5469 1380 5532 quantum
1400 5459 1460 5519 baeu
1472 5462 1627 5521 Tertulliani
1639 5464 1719 5524 dictis
1731 5448 1898 5540 congruant,

252 5528 360 5602 prasion
372 5530 400 5585 in
422 5539 493 5588 ΝΜ
514 5533 608 5604 smel,
632 5535 716 5605 effecit
736 5539 746 5611 (
760 5539 859 5598 lustin.
880 5542 991 5618 Antion·
1013 5546 1048 5618 Ι).
1101 5560 1182 5622 atque
1195 5551 1258 5610 inde
1269 5551 1476 5612 ouudrmontur.
1489 5554 1549 5613 Nori
1563 5572 1644 5614 unam
1657 5558 1732 5616 enim
1747 5567 1851 5617 unium
1865 5560 1900 5617 de

228 5703 232 5714 .
288 5620 388 5680 Verum
403 5623 427 5680 sl
447 5634 523 5686 certe
537 5627 626 5686 nullos
640 5632 817 5701 pronuntiare
833 5633 930 5694 audeat
941 5636 1050 5697 Tertul-
1101 5642 1176 5702 loris
1187 5658 1249 5702 earn
1263 5645 1466 5706 uanaeoelario
1476 5648 1619 5706 marubitu
1631 5648 1761 5717 fabulam,
1773 5651 1901 5709 reddin

246 5707 349 5769 lissum
359 5712 393 5770 ad
406 5713 633 5782 beooolliueasse
647 5719 745 5782 lustinl
756 5724 838 5783 rerba
846 5764 856 5797 ‚
870 5728 971 5787 nemini
983 5744 1048 5801 pro·
1100 5731 1181 5791 etiam
1203 5735 1294 5807 plores
1307 5737 1399 5808 paneis
1418 5738 1493 5796 bisse
1507 5739 1597 5796 rerbls
1617 5740 1793 5812 perstrinxit:
1811 5739 1899 5797 Filias
