4242 6259
266 259 320 319 saa
707 273 709 276 >
777 230 782 241 '
980 211 1212 318 coeuntium
1863 264 1916 321 ιιι

268 389 320 432 nor
342 376 480 433 Caesarum
512 374 611 430 milites
634 373 755 430 excubiis
777 372 832 430 suis
855 372 894 447 (l)
909 373 981 430 salus
996 390 1067 445 pre·
1080 377 1227 441 Aeonum,
1240 374 1287 444 qui
1299 380 1360 429 eum
1376 380 1569 444 nunputamus
1581 372 1608 429 iri
1622 373 1746 431 minibus
1758 370 1821 433 esse
1833 376 1919 447 pluui-

268 474 340 523 stunt
355 464 405 538 (ιι).
420 467 487 521 Puto
498 475 587 519 utitem
602 504 610 529 ,
626 463 667 519 liic
687 466 752 535 ipste
770 466 889 533 muteris·
904 464 938 521 ile
950 465 1066 522 metallis
1115 466 1185 523 hatis
1200 466 1250 537 (c).
1265 465 1317 522 Sed
1338 481 1386 521 vos
1408 465 1523 537 religiosi
1536 466 1576 539 (5)
1587 506 1595 533 ,
1608 467 1653 536 otri
1667 441 1863 538 eamhnaeritis
1874 468 1919 526 uhi

266 559 403 616 Cusaruur
427 555 536 611 renium
547 596 555 621 ,
568 564 596 611 et
619 564 674 612 tota
699 557 796 628 templa
820 558 854 615 de
871 566 937 613 nutu
950 557 1066 614 Cusarls
1117 572 1170 614 nou
1182 567 1241 623 est,
1257 556 1346 628 petitis
1358 570 1372 610 a
1386 559 1482 627 quibus
1503 556 1561 612 dari
1582 572 1635 613 uoti
1656 566 1765 628 potest,
1780 561 1919 630 preterito

267 656 392 706 constant
412 646 458 716 (h).
484 645 560 702 Multi
584 646 699 719 denique
712 648 749 703 dii
768 647 919 705 hahuerunt
932 648 1066 706 Caesarem
1116 664 1150 707 eo
1164 649 1191 705 ln
1204 649 1281 720 cujus
1295 658 1337 704 est
1351 657 1493 719 potestate.
1516 648 1629 720 lnsupcr
1643 663 1689 705 eos
1701 648 1858 717 debebitis,
1873 651 1919 722 qui

267 741 375 797 iratum.
389 737 464 795 Facit
478 739 511 796 ud
524 753 645 796 caussam
658 784 666 809 ,
680 741 702 797 si
716 749 744 796 et
758 742 901 814 propitium
914 783 921 810 ,
935 758 996 799 cum
1011 742 1066 799 illis
1117 756 1176 798 eam
1189 742 1278 797 sciunt
1291 750 1401 810 petere,
1417 740 1465 812 qui
1479 740 1561 797 etiam
1574 741 1678 812 possint
1690 740 1729 815 (6)
1750 742 1895 813 impetrare
1908 784 1918 812 ,

268 832 368 905 aliquid
384 832 424 905 lt)
436 840 481 888 out
498 832 666 890 liberalitatis
677 842 724 890 aut
738 833 881 907 privilegii,
897 836 1012 893 coiilert.
1027 837 1065 892 lta
1116 835 1181 891 dum
1193 833 1282 890 sciunt
1297 840 1399 905 petere.

267 926 314 997 qui
337 933 401 981 suut
424 924 450 979 iu
473 924 587 981 Caesaris
609 933 761 996 potestate,
776 926 854 998 cujus
874 936 902 983 et
921 929 970 983 toti
985 939 1062 998 suut,
1454 923 1568 982 cuuth
1590 923 1672 979 xxx.
1749 917 1752 924 ’

268 1015 404 1091 quomodo
425 1014 561 1073 habebunt
582 1017 695 1073 salutem
711 1017 824 1074 Caesaris
836 1018 862 1074 in
877 1028 1019 1090 potestate,
1036 1031 1067 1076 us
1117 1019 1352 1076 hucussurmi.-
1364 1013 1441 1071 Solos
1454 1016 1520 1071 enini
1533 1014 1690 1073 Christianos
1704 1018 1750 1085 pro
1762 1013 1922 1087 Imperatore

269 1125 328 1167 eam
351 1117 481 1181 proestare
502 1123 582 1179 posse
606 1109 755 1177 uideantur,
773 1125 852 1182 otiam
866 1111 971 1169 lucilius
985 1113 1035 1183 ipsi
1050 1128 1066 1168 u
1154 1109 1236 1165 Deum
1249 1124 1346 1174 nouus,
1355 1106 1435 1163 heum
1442 1107 1522 1161 ninum
1529 1108 1654 1174 irimcure,
1662 1107 1735 1162 ithnn
1744 1108 1833 1175 benni,
1843 1125 1920 1180 quem

270 1198 652 1272 Caesareconseqiiuntur(3l‘l
667 1199 729 1258 ideo
742 1198 806 1272 crgo
820 1199 861 1272 (l)
872 1203 1067 1261 committimus
1154 1202 1314 1266 nutnrnliter,
1334 1210 1359 1255 et
1369 1216 1396 1254 re
1415 1201 1538 1272 nmiorem
1563 1202 1632 1255 nouit
1644 1201 1698 1271 ipse
1710 1198 1866 1270 Imperator,
1877 1203 1921 1258 cus·

270 1292 300 1349 iii
320 1290 490 1362 maiestatem
513 1292 720 1362 tripertiuntur,
734 1292 796 1363 quia
818 1292 877 1350 illos
891 1308 943 1348 iiou
958 1294 1069 1365 subjici·
1155 1294 1416 1362 concinimusque
1428 1300 1567 1363 exspectat.
1580 1293 1675 1347 Athos
1688 1292 1821 1364 ithumae
1831 1294 1921 1366 inipe-

270 1397 332 1459 mus
340 1378 426 1439 'rebus
437 1382 494 1439 suls
506 1399 514 1451 ;
529 1382 591 1454 quia
613 1398 667 1439 nou
688 1382 805 1440 ludimus
823 1383 857 1440 dc
870 1383 960 1441 ullteio
974 1386 1069 1466 salutis
1155 1387 1312 1456 reinherii,
1321 1386 1369 1441 sibi
1379 1395 1433 1441 tutu
1439 1386 1499 1455 sint,
1508 1386 1558 1457 pie,
1571 1401 1637 1456 sere,
1649 1395 1715 1441 recte
1727 1396 1837 1458 petmeet
1844 1388 1924 1461 impe·

876 1497 1067 1559 thuribulis
1084 1499 1294 1560 vtuttttuus.

304 1613 328 1739 §l
357 1609 610 1683 summissiones.
649 1672 654 1683 ⁵
690 1673 695 1681 ⁸
849 1670 876 1683 ..
915 1676 918 1683 ἦ
1169 1611 1488 1671 subinnuitiones.

316 1676 331 1724 ι
358 1674 385 1724 Si
397 1682 424 1725 et
433 1674 553 1737 mopiuus
563 1671 611 1722 illis
623 1670 724 1734 aliquid,
737 1671 783 1738 hp.
792 1674 901 1725 Parisiis.
1168 1679 1184 1727 t
1210 1675 1446 1740 lrreltgiosifflrots.

305 1614 343 1800 (bi
360 1733 717 1799 norcomannorum.
1088 1723 1113 1783 Β
1169 1739 1185 1789 6
1211 1739 1325 1799 Possint,
1338 1738 1414 1789 Fron.

955 1842 1237 1902 COMMENTARIUS.

339 1956 397 2020 ¹1¹⁸&
407 1966 465 2006 ⁵⁰³⁵
475 1966 546 2005 ”00³
555 1958 632 2018 atqne
641 1954 731 2019 indita
742 1955 833 2020 templa
843 1956 940 2022 petivit,
1128 1974 1154 2016 c.
1169 1960 1197 2014 d.
1208 1958 1370 2016 concludens
1384 1975 1392 2013 :
1409 1957 1442 2013 ln
1454 1974 1484 2013 co
1498 1958 1576 2029 ipitnr
1596 1958 1656 2030 quic
1670 1959 1784 2015 homines
1797 1962 1929 2034 meritepio

342 2040 374 2092 Et
384 2038 525 2104 capitolinis
537 2038 622 2102 injecit
633 2040 735 2092 sedibus
745 2041 838 2104 igneio.
1130 2032 1259 2086 uindicare
1275 2047 1325 2085 nou
1357 2039 1466 2095 cierunt,
1481 2030 1593 2097 oportuit
1612 2030 1672 2084 deos
1681 2031 1751 2100 ipsas
1765 2031 1805 2085 sui
1818 2032 1928 2089 uindices

643 2124 650 2130 ·
1133 2118 1197 2159 esse.
1213 2101 1240 2157 ld
1253 2116 1317 2168 iero
1332 2048 1430 2156 tiresum
1441 2115 1495 2155 uon
1510 2109 1561 2167 cst,
1579 2115 1629 2157 uec
1642 2102 1669 2155 in
1683 2102 1810 2174 Dionysio
1821 2102 1866 2158 illu
1878 2119 1928 2161 ucc

285 2175 363 2246 Quod
380 2190 441 2233 cutm
465 2176 616 2245 saepissime
636 2175 766 2232 accidisse
782 2172 903 2231 ueterum
929 2176 1081 2232 testimonia
1135 2174 1162 2227 iii
1176 2174 1245 2234 aliis.
1267 2187 1361 2228 secure
1376 2172 1436 2226 ideo
1452 2170 1546 2227 turem
1565 2171 1706 2227 allatrante
1723 2171 1839 2244 Cynisco
1857 2175 1930 2243 upud

286 2247 440 2311 declarent,
457 2257 512 2300 tuur
535 2247 653 2316 Apollini
674 2250 755 2303 utiam
775 2247 916 2309 accidisse,
934 2257 961 2301 et
975 2247 1083 2316 attidem
1137 2242 1409 2308 Luciunumuursus,
1423 2242 1473 2297 sibi
1498 2241 1565 2298 uiliit
1576 2243 1610 2297 ab
1628 2243 1686 2310 ipso
1700 2253 1818 2298 uictiiere
1830 2244 1929 2314 pradi-

306 2334 429 2374 oenarum
458 2317 531 2381 tice,
561 2317 669 2387 quaudo
692 2317 801 2389 Babylo
823 2318 951 2389 martyris
979 2318 1086 2374 chieres
1136 2329 1201 2369 cuns
1226 2334 1232 2368 z
1253 2320 1304 2368 trit
1324 2314 1547 2377 ott'abrab;,etc.,
1565 2313 1753 2383 bonnoniam
1774 2330 1854 2385 neque
1871 2313 1931 2370 illos

249 2388 255 2397 '
287 2335 351 2457 ioco
365 2389 466 2443 utoreri
484 2389 573 2451 vellet,
595 2398 691 2442 auctor
705 2401 744 2442 est
758 2388 920 2444 Tlreuduret.
930 2386 982 2442 uu.
996 2387 1084 2445 Gracc.
1137 2386 1206 2455 ipsos
1224 2384 1361 2453 socrilepos
1385 2384 1470 2452 puniri
1487 2384 1577 2438 uideo:
1593 2385 1638 2437 sed
1652 2383 1754 2453 plurimi
1766 2400 1857 2439 niouus
1871 2400 1930 2440 ues-

287 2458 352 2516 Cus.
369 2474 395 2528 p.
408 2458 470 2515 trs.
484 2463 558 2512 batt
571 2468 684 2530 Δαφναῖος
696 2452 807 2514 dntibus
821 2467 860 2514 sti
883 2468 993 2529 uptrepou
1008 2470 1087 2532 παραέ
1138 2465 1190 2509 trus
1203 2454 1337 2525 cffupiuut,
1349 2453 1413 2521 Qum
1424 2455 1513 2508 omnia
1527 2454 1638 2524 pulchre
1647 2455 1800 2525 exsequitur
1812 2455 1930 2523 Prosper

284 2537 402 2599 σκιυέισας
414 2536 571 2598 μετατεθῆναι
584 2540 670 2600 νεκρὸν,
683 2533 800 2597 οὐρανόθεν
810 2534 906 2595 littura
919 2539 959 2585 τὸν
972 2538 1086 2591 σκηπτὸν.
1138 2526 1311 2596 Aquitanicus
1326 2525 1363 2579 lle
1383 2525 1510 2580 PtontiSs.
1526 2536 1552 2579 el
1573 2525 1704 2596 Prodici„
1715 2526 1759 2580 lib.
1775 2540 1813 2580 tit.
1833 2541 1858 2579 c.
1881 2525 1929 2586 58.

291 2601 361 2667 Quin
378 2599 533 2656 homiuibus
557 2600 638 2654 etiam
665 2601 774 2655 obnoxii
802 2611 879 2667 sunt,
902 2617 955 2654 uttti
985 2610 1087 2655 tanturn
1138 2595 1284 2651 osteirdeus
1297 2596 1396 2650 nullam
1410 2597 1461 2648 iim
1479 2594 1718 2651 cunctisGentium
1731 2595 1785 2649 biis
1800 2598 1888 2652 inesse
1902 2605 1932 2653 ut

292 2668 401 2740 uuanda
413 2680 490 2740 captu
505 2668 570 2724 urhe
583 2669 617 2723 ab
630 2670 752 2726 hostibus
765 2670 859 2726 eadem
878 2679 981 2741 strages
996 2685 1088 2726 usurus
1139 2667 1323 2721 auctoricitem
1334 2664 1409 2720 sirum
1422 2676 1515 2720 contra
1532 2682 1612 2721 unuin
1627 2665 1710 2720 illium
1725 2665 1842 2721 bominis
1854 2664 1932 2722 Chri-

289 2749 318 2796 et
333 2741 449 2811 templu,
467 2739 561 2796 eadem
582 2743 674 2812 rupina
690 2755 766 2796 sacra
779 2752 808 2796 et
829 2741 940 2811 prolana
959 2741 1086 2810 inuoluit,
1138 2746 1208 2792 stunt
1224 2738 1380 2792 crucibxuur
1397 2746 1529 2791 tueantur.
1546 2735 1630 2799 ,Verba
1644 2744 1702 2807 epis
1716 2747 1788 2792 sum.
1802 2735 1933 2792 llictuutn

289 2810 339 2867 sed
353 2826 414 2866 curri
429 2810 565 2880 perfossor
586 2810 699 2881 aliquis,
713 2810 808 2867 lurrel
822 2816 980 2882 praedorpsa
1001 2812 1086 2867 simu·
1139 2808 1243 2862 deorum
1273 2808 1318 2862 illo
1340 2806 1412 2861 tin-hu
1435 2817 1562 2862 certorum
1587 2817 1662 2878 utque
1686 2808 1848 2871 incertorum,
1870 2824 1933 2878 quos

288 2882 364 2936 lucra
386 2891 414 2936 et
432 2881 545 2935 deorum
568 2892 722 2936 ornamenta
745 2880 842 2936 soleri.
852 2881 941 2936 llotat
956 2882 1088 2952 Diogenes
1145 2877 1224 2932 Vurro
1236 2878 1331 2948 prodit,
1344 2877 1385 2931 illi
1397 2878 1472 2932 etiuiu
1484 2893 1599 2948 proceres
1612 2888 1635 2931 et
1647 2879 1719 2932 electi
1741 2878 1777 2932 dii
1787 2918 1795 2944 ,
1806 2894 1862 2932 curu
1874 2880 1930 2948 ipso
1979 2906 1984 2913 ·

288 2949 413 3009 Laertius
427 2951 590 3007 Demetrium
610 2952 752 3019 quemdam
767 2952 952 3022 plrllosopliuiii
968 2951 1087 3008 lriirncm
1138 2964 1197 3020 repe
1216 2965 1262 3003 suo
1278 2947 1343 3003 ¹lonc
1361 2947 1471 3017 sutriiinu
1488 2948 1615 3004 oihrutltes
1633 2950 1740 3003 corisilio
1762 2950 1932 3029 potentisque,

292 3022 526 3095 cognominatum,
541 3022 666 3091 quoiiiam
686 3022 781 3092 injuria
794 3022 921 3079 affecerit
933 3022 1087 3089 tunorium,
1140 3030 1167 3072 ut
1180 3035 1267 3074 eorum
1282 3019 1391 3074 cultures
1404 3022 1499 3089 perurit,
1511 3019 1648 3080 irretireudi,
1662 3019 1790 3088 armisque
1801 3019 1932 3087 tmrihdes,

293 3107 354 3163 que
365 3092 452 3164 qualis
466 3091 545 3147 luerit
556 3093 636 3148 docet
647 3092 796 3165 Hesychius
811 3092 940 3148 blilcsius.
954 3099 1126 3166 conceptue
1143 3090 1183 3143 hic
1194 3091 1235 3143 liic
1249 3090 1357 3160 uliquis,
1370 3090 1393 3143 si
1406 3105 1457 3143 oon
1470 3105 1516 3156 pro
1527 3090 1633 3155 mundo,
1647 3090 1736 3144 saltem
1753 3106 1800 3159 pro
1813 3106 1839 3143 se
1853 3106 1933 3154 epm-

293 3188 330 3225 eie
352 3170 428 3242 tregue
449 3174 513 3230 istor
537 3169 670 3230 iussistis,
690 3168 754 3219 titre
775 3168 873 3225 territur
885 3174 973 3235 χρυσᾶς
988 3172 1092 3222 siturus
1144 3161 1209 3215 tehot
1223 3176 1307 3232 opere,
1330 3177 1362 3214 rie
1379 3160 1474 3214 scilicet
1495 3176 1561 3214 unus
1590 3176 1632 3213 cos
1652 3162 1768 3231 peritmt
1786 3160 1933 3230 crucifixus.

293 3246 336 3290 esu
348 3240 372 3288 b
383 3239 591 3306 suscripsisse,
604 3228 666 3306 ripe,
677 3237 815 3305 &perperos
826 3241 933 3306 ἐφωράθη
947 3251 955 3300 ;
967 3237 985 3289 i.
997 3251 1022 3290 c.
1037 3233 1093 3290 De·
1148 3229 1248 3286 Periere
1259 3247 1317 3285 uero
1330 3239 1351 3285 et
1366 3246 1412 3284 uos
1426 3232 1557 3298 noviores,
1568 3241 1590 3285 et
1601 3229 1685 3285 Dauid
1698 3232 1823 3302 propheto
1837 3231 1932 3300 conpr-

300 3306 404 3360 iuetrius
422 3307 499 3371 ulter,
517 3316 681 3375 copnonieuto
702 3304 779 3359 latiori
803 3306 898 3372 dictus,
913 3307 981 3375 quoti
1003 3306 1093 3377 deprs-
1146 3302 1313 3366 timt,iticeus
1332 3318 1341 3356 .·
1358 3302 1431 3371 periit
1446 3305 1567 3356 memorio
1584 3318 1672 3355 eorum
1690 3318 1748 3356 curii
1773 3303 1894 3372 strepitu,
1911 3310 1936 3358 et
2007 3308 2013 3321 '
2105 3288 2106 3297 ¹

297 3376 392 3430 liensus
422 3376 500 3446 sumit
529 3376 599 3444 [urta
632 3376 781 3431 subduxisse
809 3377 923 3429 bructeris
944 3392 1035 3430 oureus
1060 3360 1093 3430 ot
1145 3371 1307 3425 lloiiiinnsin
1321 3383 1443 3426 aetmnum
1458 3382 1550 3427 nuntiet.
1567 3371 1636 3427 biv.

296 3446 481 3500 stemnumroe
499 3444 609 3499 lunonis
627 3447 773 3501 simulacro.
786 3445 925 3515 liupatone
937 3446 1091 3516 Menippum
1182 3444 1222 3511 (a)
1244 3440 1366 3496 Excubiis
1378 3443 1431 3496 suis
1445 3443 1514 3495 sulcu
1538 3453 1669 3514 prostant.
1694 3443 1793 3500 Vocem
1815 3445 1868 3500 suis
1883 3458 1937 3499 non

296 3513 403 3583 Jupiter
414 3529 447 3569 au
464 3516 653 3585 comprehensi
675 3524 766 3570 esseut
782 3517 827 3584 qui
848 3517 1011 3571 bodouaeum
1023 3529 1091 3569 tein-
1143 3521 1291 3582 apiioscuut
1305 3513 1365 3566 illd.
1385 3522 1412 3567 et
1430 3512 1587 3568 lllicuauus.
1603 3514 1671 3570 ilinc
1682 3515 1788 3569 interim
1803 3516 1890 3570 diseas
1904 3514 1936 3569 li·

297 3584 372 3666 plum
388 3585 530 3655 sacrilegio
542 3587 713 3654 spoliassent.
729 3585 807 3653 spmt
824 3584 966 3640 Luciauuiu
986 3602 1014 3655 p.
1028 3585 1093 3641 tut.
1144 3595 1205 3649 cet,
1227 3584 1383 3651 pretiosiora
1396 3586 1538 3638 simulacra
1555 3601 1635 3640 urniiu
1655 3586 1767 3640 militum
1784 3586 1865 3639 tuisse
1877 3599 1938 3638 cus·

297 3669 326 3709 iri
346 3656 559 3724 lcuromeiiippo.
575 3656 683 3710 scutinei
699 3665 729 3710 ut
742 3669 805 3709 uere
818 3655 964 3720 hurucbus,
980 3671 1040 3725 cap.
1054 3672 1092 3710 m.
1146 3653 1244 3717 trudito,
1260 3653 1331 3723 quod
1354 3662 1382 3708 ct
1404 3655 1581 3722 pulcherrime
1602 3656 1689 3711 discas
1710 3671 1743 3710 ei
1765 3654 1824 3710 locu
1837 3653 1938 3710 tustini

299 3723 345 3779 56.
360 3721 451 3794 Neque
467 3736 556 3778 contro
571 3729 650 3795 sures,
666 3726 890 3795 conceptissimis
908 3726 985 3779 tutori
999 3728 1095 3796 scipsos
1145 3722 1294 3794 llartyriss
1308 3723 1345 3777 La
1357 3724 1441 3779 Gesila
1455 3724 1536 3778 :illuto
1556 3744 1562 3778 ε
1586 3727 1632 3781 sed
1646 3725 1762 3780 estalter
1782 3725 1933 3788 Lactantii3

298 3803 403 3862 possunt
421 3794 507 3864 tipiiei,
526 3797 649 3865 asperiter,
672 3797 792 3865 aureique
811 3797 859 3849 itii.
882 3795 1023 3861 Quomodo
1044 3797 1095 3866 ipsi
1147 3794 1170 3847 is
1186 3793 1231 3846 lib.
1259 3809 1287 3847 u.
1302 3810 1327 3847 c.
1342 3795 1369 3848 l.
1387 3794 1421 3848 ile
1436 3793 1511 3850 hisce
1528 3798 1623 3851 statiiis
1635 3798 1669 3851 ita
1679 3796 1808 3850 disserit:
1824 3795 1940 3850 Adurunt

216 3919 220 3929 ,
297 3863 454 3919 sacerdotes
479 3864 537 3919 deut
550 3866 635 3934 Syriae
650 3865 676 3919 in
691 3866 761 3940 sunto
775 3863 1039 3935 deprelicuduntura
1060 3867 1095 3922 ud
1146 3880 1206 3934 erpo
1220 3864 1350 3926 mortuliii,
1367 3875 1394 3917 ut
1405 3881 1419 3916 u
1431 3866 1579 3920 iriortniibus
1593 3871 1661 3935 tuctu
1676 3884 1684 3921 :
1701 3866 1786 3938 [roupi
1796 3867 1873 3931 enini,
1886 3883 1941 3920 cre·

297 3932 448 3989 huciaiiuru
475 3934 503 3989 in
529 3937 612 3989 Asino
639 3950 666 4004 p.
693 3936 754 3991 ist.
784 3936 951 3991 occultantes
979 3886 1094 4007 phiuiiiiu
1146 3936 1211 3988 mori
1229 3944 1333 4003 possunt
1352 3950 1382 3987 oc
1394 3937 1486 4004 perire.
1505 3935 1574 3991 Noni
1592 3949 1616 3992 et
1637 3939 1708 3992 tectis
1722 3946 1842 3993 uetustate
1852 3936 1940 3992 titheu-

298 4018 417 4066 auream,
435 4018 467 4059 cr
482 4004 597 4067 delubro
613 4016 719 4074 ruptum
739 4006 890 4070 donarium,
914 4008 939 4059 iu
954 4008 1014 4061 sinu
1037 4007 1096 4063 dee
1146 4004 1211 4058 tibus
1223 4020 1291 4073 sepe
1305 4006 1441 4058 coniuriuui
1455 4009 1546 4074 solent,
1560 4018 1583 4061 et
1598 4017 1748 4077 consumpta
1764 4009 1880 4062 inccndio
1897 4008 1940 4062 ili·

297 4088 364 4128 suze.
375 4073 522 4141 irridetque
530 4075 611 4129 sutori
620 4076 689 4144 apud
698 4075 844 4131 Lucterium
860 4078 983 4132 Croesum
998 4091 1097 4133 aureos
1146 4076 1266 4129 iniuntur
1275 4076 1301 4129 in
1314 4077 1423 4129 cion-cut
1436 4091 1445 4129 :
1460 4088 1484 4130 et
1498 4078 1645 4148 plerumque
1657 4077 1771 4151 [uirisuo
1781 4077 1834 4132 illis
1844 4078 1944 4147 mapul-

298 4142 397 4199 luteres
410 4144 527 4213 Apollini
539 4144 736 4210 destirrautcru,
749 4148 774 4200 in
790 4147 936 4211 Charonte,
952 4147 1012 4201 aliis
1024 4148 1096 4204 scili·
1149 4146 1209 4198 tudo
1221 4145 1372 4210 subuenerit,
1388 4156 1432 4199 out
1449 4148 1565 4202 custodio
1583 4149 1692 4220 ditiperis
1710 4148 1827 4231 sepserit]
1837 4150 1863 4202 i'n
1877 4164 1943 4217 prir-

299 4223 343 4269 cet
364 4224 484 4286 puratum
498 4225 525 4270 ct
537 4216 653 4285 opimam
673 4217 801 4286 praedatu.
817 4217 918 4288 Lepide
932 4215 1048 4289 epiricus
1063 4217 1097 4272 ad
1148 4216 1207 4268 ditm
1228 4217 1328 4286 [unlus
1349 4221 1454 4283 cetum,-
1476 4218 1547 4285 quod
1571 4230 1645 4273 certe
1664 4220 1761 4274 accidit
1782 4218 1879 4288 Priapo
1898 4216 1943 4273 isti

299 4282 392 4341 lorcin
404 4286 473 4355 upuil
487 4286 608 4352 bucino,
625 4289 650 4341 in
664 4288 732 4342 biat.
748 4288 792 4341 cui
807 4303 904 4343 nomeu
920 4286 982 4360 lup.
994 4287 1096 4344 Cuirlu·
1148 4302 1300 4341 niarirroreu
1310 4286 1379 4357 spiiil
1392 4286 1506 4343 ttartiat.
1519 4304 1556 4342 ur.
1570 4289 1616 4343 tu.
1632 4289 1761 4361 Adeoque
1774 4290 1806 4343 de
1819 4289 1944 4343 oiriuibus

298 4362 371 4411 tatus
382 4372 388 4408 :
400 4346 441 4409 ltu
452 4364 497 4426 γὰρ
506 4365 589 4424 tupris,
603 4365 667 4422 eto,
677 4356 834 4413 i.e.0ou'tto
848 4375 892 4412 uos
907 4360 1010 4429 perinde
1023 4370 1099 4437 atoue
1148 4357 1206 4410 istis
1222 4357 1300 4423 ungis
1312 4357 1464 4412 esclauiarc
1479 4359 1544 4415 libet
1565 4358 1761 4415 istiril‘Firuiici
1775 4359 1808 4415 de
1824 4357 1944 4413 Palladio

300 4440 347 4479 nos
361 4425 502 4481 lenociniis
514 4439 536 4480 et
549 4428 689 4499 sucritepiis
703 4429 838 4498 compilari
850 4430 1052 4502 cruentemus
1067 4444 1098 4483 ec
1110 4464 1136 4522 D
1150 4428 1175 4479 iii
1191 4426 1281 4481 libello
1310 4427 1344 4482 dc
1370 4427 1469 4483 iti-rore
1494 4431 1596 4498 prolati.
1611 4430 1737 4486 Geirtiiiiii
1753 4448 1760 4483 ε
1777 4429 1885 4483 incenso
1907 4436 1959 4491 cst¹

300 4495 432 4552 ditissimis
442 4498 618 4567 pauperrimos
628 4510 754 4554 iiiootettto
765 4500 884 4569 temporis
895 4501 1010 4565 madere,
1023 4500 1097 4554 niulti
1153 4495 1230 4566 Tiojn
1243 4515 1260 4549 ιι
1275 4495 1381 4559 drocis,
1397 4514 1413 4550 ιι
1426 4496 1508 4554 (iuliis
1523 4499 1616 4565 Roirru,
1630 4510 1652 4555 et
1663 4518 1694 4555 es
1708 4512 1814 4569 utronno
1826 4499 1944 4553 iitcenttt'o

300 4568 369 4621 euius
388 4579 498 4622 umerum
509 4583 542 4621 ec
556 4585 620 4622 auro
633 4581 769 4640 summoue
787 4570 1098 4640 coiiptutisuiit.Es1rer-
1150 4567 1300 4622 Pultuitiunr
1318 4582 1471 4623 reseruemur
1488 4581 1535 4625 cst.
1561 4572 1614 4626 Sed
1635 4582 1788 4626 reseruntuur
1808 4586 1859 4624 noti
1883 4586 1945 4638 pro·

302 4645 345 4691 tus
358 4638 454 4706 Apollo
470 4657 476 4692 :
491 4654 571 4707 quem
590 4640 659 4695 iderti
684 4640 794 4695 Luciair.
817 4643 914 4697 irrisere
934 4641 1097 4696 detrudamur
1151 4639 1213 4709 priis
1225 4638 1375 4704 uirtutibus,
1390 4640 1434 4694 sed
1445 4641 1555 4696 liuthario
1568 4641 1699 4713 presidio,
1714 4642 1745 4697 ub
1759 4653 1866 4710 utroque
1880 4641 1948 4695 euius

302 4709 439 4776 prostituit
458 4707 565 4781 iirtove
584 4711 726 4781 'l'ragoedu
744 4712 788 4765 ubi
805 4712 842 4765 ita
861 4711 1008 4767 llercurius
1025 4730 1031 4765 :
1048 4719 1100 4764 liet
1152 4711 1207 4763 luco
1221 4709 1333 4763 beniines
1346 4710 1462 4776 libemus·
1475 4724 1498 4767 ct
1509 4714 1716 4780 translationem,
1729 4729 1762 4767 uc
1774 4711 1947 4781 hunrmiottu·

302 4770 958 4851 pupiutreuiutttusubterscriptos-retem.e.
973 4783 1101 4838 Sedenim
1151 4781 1374 4852 qtttrelittcettdio.
1391 4783 1460 4839 listi.
1723 4823 1726 4828 ·
1802 4782 1804 4787 ¹
1861 4802 1864 4811 ¹

301 4847 420 4918 itletpse,
440 4851 700 4920 lloriierussc.,uurs'
715 4854 821 4908 irradiet
842 4870 918 4923 upum
933 4869 1100 4925 possessorem
1188 4847 1308 4920 (lr'pTotu
1322 4851 1417 4919 teuiphi
1433 4854 1465 4908 ite
1484 4866 1546 4911 nutu
1570 4855 1602 4910 C.
1633 4856 1670 4910 be
1691 4854 1809 4925 Culiguia
1833 4851 1947 4908 Sueten·

305 4920 451 4987 Apollineus
465 4922 530 4976 dicit
542 4941 552 4976 .·
565 4939 639 4993 quent
652 4935 735 4977 tunicii
749 4924 775 4976 iri
788 4927 904 4979 extremis
924 4927 1051 4979 sedentem
1060 4925 1099 4977 ui·
1153 4936 1179 4976 c.
1195 4937 1262 4976 xxii.
1277 4920 1394 4993 Dotoque
1404 4929 1521 4997 itepotio,
1538 4938 1566 4982 ut
1579 4926 1716 4990 simulacro
1730 4927 1873 4989 ricuinum,
1889 4922 1951 4977 rett-

307 4989 387 5054 itehi's,
410 4992 509 5061 direpto
524 4995 574 5062 ipsi
588 5011 604 5046 o
618 4992 758 5048 lotionibus
769 5010 871 5061 corono,
887 5006 910 5048 et
925 4995 1048 5064 surreptis
1062 4994 1100 5048 ci·
1151 4993 1226 5065 pluite
1238 5004 1261 5046 et
1274 5005 1330 5047 orte
1344 4997 1487 5064 praecluru,
1503 5000 1569 5053 inter
1582 4998 1640 5066 quie
1654 4996 1781 5068 Oluntpici
1794 4993 1886 5058 locis,
1900 5008 1951 5063 op·

307 5061 389 5115 thore
400 5060 539 5116 uerticilh's.
555 5064 621 5130 Quin
634 5065 742 5134 quidem
755 5064 863 5120 indultae
875 5082 907 5119 er
922 5066 1040 5122 l‘urrouc
1050 5065 1100 5120 de·
1152 5073 1335 5133 portarentur-e
1349 5064 1457 5133 Grecis,
1470 5069 1559 5138 quihus
1572 5069 1655 5136 cupite
1664 5069 1765 5138 deiripto
1776 5081 1852 5119 suum
1861 5064 1951 5133 impo-

307 5141 412 5203 sunrpta
422 5143 496 5197 suut,
510 5133 587 5202 cuijus
601 5133 779 5201 trupiuemuut
794 5151 828 5190 es
840 5135 942 5208 Satyris
953 5136 1105 5205 Menippeis
1153 5142 1249 5198 tierent,
1265 5145 1363 5204 partein
1378 5138 1467 5207 pulntii
1478 5140 1512 5193 ud
1529 5140 1613 5210 [oium
1627 5154 1706 5209 usque
1718 5137 1858 5206 promouit,
1873 5143 1951 5199 ornus

306 5199 360 5256 huc
372 5214 498 5272 spectans
511 5204 620 5259 titubet
641 5204 718 5259 uubis
730 5206 832 5262 hriioh.
850 5207 895 5262 lib.
910 5206 944 5261 ur.
965 5206 1100 5261 ustuant-
1151 5205 1207 5258 aeile
1227 5204 1340 5261 Castoris
1359 5217 1383 5261 et
1402 5205 1518 5277 Pollucis
1536 5227 1563 5264 ιιι
1585 5209 1732 5264 uestibulum
1752 5206 1950 5274 trniisfipuruto,

307 5286 355 5348 pue
367 5275 460 5343 Apollo
474 5276 583 5340 diuinus,
599 5291 657 5329 cuin
669 5291 684 5327 o
696 5276 786 5345 pictatis
801 5278 984 5348 titurithriispue
1000 5277 1101 5347 preto·
1152 5276 1290 5331 consistens
1304 5292 1371 5346 sepe
1389 5281 1456 5334 iuter
1474 5285 1566 5348 triitrcs
1587 5284 1648 5334 deos
1662 5280 1773 5334 iitcihuitt
1795 5291 1822 5330 se
1838 5274 1954 5329 oderun-

306 5344 380 5396 uibus
398 5353 422 5397 et
440 5345 564 5414 spotiatus
581 5347 617 5399 ιἰιι
642 5358 689 5411 est,
711 5357 734 5399 ct
754 5346 929 5413 luscitiosus
942 5364 974 5403 eu
990 5358 1027 5402 tot
1041 5349 1098 5402 uuri’
1152 5349 1214 5400 disits
1227 5347 1376 5413 pectinibus
1385 5351 1527 5405 eulishebat.

306 5414 470 5481 ponderibus,
481 5432 538 5485 quic
551 5417 652 5487 trinuba
663 5428 838 5487 corrpessermit
857 5419 961 5487 soeculu,
972 5436 1004 5474 tic
1017 5435 1097 5473 uittiur
1188 5419 1226 5488 (c)
1238 5417 1392 5475 Ptutnltutis.
1404 5418 1549 5479 Ptuntbntoe
1559 5437 1649 5476 triatrus
1661 5430 1724 5476 sum
1732 5418 1822 5483 ,lulciu
1831 5414 1949 5487 quodum

305 5484 407 5554 quidem
423 5486 539 5541 huhuemt
556 5488 705 5558 scripulum,
721 5489 789 5557 quod
801 5490 977 5546 hirundinibus
990 5490 1112 5560 hospitis*
1148 5497 1248 5565 plumbi
1269 5496 1467 5563 torruiniuutac,
1483 5509 1517 5550 irc
1536 5492 1614 5548 lacile
1628 5492 1820 5548 delahetcutiir
1837 5487 1880 5543 rel
1894 5488 1950 5542 dte-⁸

305 5582 454 5638 ostmiieret.
471 5578 525 5638 Sed
539 5578 603 5633 illud
620 5580 753 5646 superest,
764 5578 795 5625 ut
807 5567 898 5623 miseri
913 5556 1002 5631 verbis
1014 5568 1096 5643 ctiutu
1147 5566 1292 5635 hiscereut,
1301 5575 1409 5622 ottectc
1422 5566 1593 5637 interpretes.
1603 5563 1630 5619 ld
1641 5565 1667 5617 iii
1676 5560 1862 5644 incursatione
1882 5556 1948 5611 bra·

304 5652 506 5711 contumeliosis
527 5649 683 5711 rideantur,
701 5650 780 5714 prout
800 5636 899 5693 abarim
919 5635 946 5690 iu
968 5634 1096 5713 biniiysiu
1147 5637 1269 5695 chiorum
1283 5647 1312 5694 et
1323 5651 1449 5695 manuum
1461 5637 1618 5695 estcitsioric
1631 5647 1770 5706 precipue
1782 5629 1944 5701 reitutrebu·

305 5724 395 5785 Siculo
412 5724 515 5785 latrone
529 5721 576 5779 illo
588 5730 682 5777 eurum
694 5710 810 5783 ostendit
831 5705 985 5770 bacuntius
1004 5706 1050 5764 bb.
1064 5717 1095 5759 ιι.
1150 5708 1284 5769 tutabat·
