4242 6259
294 182 366 271 ianr
835 207 871 267 nr
891 207 1124 270 rsammnns
1140 210 1403 276 aromomnun
1876 226 1953 289 ,Μ
2101 181 2103 266 l

294 326 358 386 tatis
380 323 507 382 tonina
519 336 582 382 rens
601 335 664 384 etta
687 321 955 395 monetaneum
974 326 1098 398 proiecto
1108 327 1137 390 A
1149 326 1202 384 illis
1215 345 1269 386 non
1284 330 1372 388 timeri
1386 330 1501 406 (lltnpt
1520 334 1641 393 atcerte
1659 338 1869 408 quantominus
1888 359 1949 404 eam

297 418 464 490 lnspndentia
477 418 539 477 illos
552 417 693 488 pobhcos,
705 434 739 475 ae
750 419 834 476 totius
858 419 969 478 hnmani
988 421 1100 494 generis
1150 422 1323 490 verebantur,
1337 433 1412 480 tanto
1424 427 1512 482 aerius
1521 428 1640 497 quolibet
1653 430 1757 486 incerto
1772 432 1836 490 helii
1850 448 1949 497 erentn

296 511 390 570 hostes
401 525 461 569 esse
472 509 694 566 criminabantur.
706 509 778 566 ltitstt
787 511 888 583 quippe
902 512 953 568 bac
963 511 1099 570 calumnia
1151 511 1950 587 dapoqssassesst,sieqoepotuissentdebitasdehostibossnis

286 603 496 681 lpupntmfingi
519 619 637 674 unquam
662 603 757 675 potuit.
780 605 873 662 [lisina
887 607 1019 679 siqnidem
1033 609 1093 681 lege
1151 614 1391 677 poenasrepetere.
1409 607 1509 664 Verum
1523 611 1713 682 religionem
1737 615 1871 687 obstricti,
1885 619 1949 679 illud

303 697 424 772 (linitis,
434 713 458 750 c.
471 694 504 763 tt,
514 710 539 751 t.
559 693 595 752 tt
610 710 619 761 ;
641 694 719 762 buc..
732 712 792 768 cap.
802 696 823 763 Ι,
838 694 915 770 adil)
929 698 1094 768 prohibitum
1150 701 1949 772 nunquam,sisearmati,siseinernies,tentaresolncrnnt.

295 789 349 850 iltis
370 797 431 847 erat
451 787 498 844 ulii
512 788 600 856 neela,
615 788 655 845 uti
678 788 717 844 ait
725 786 908 846 Tertullianus
925 788 1092 865 (Tertulliani.
1186 788 1267 847 Nullo
1278 800 1410 863 praetema
1427 794 1462 851 ad
1472 795 1617 852 vindictam
1627 797 1699 854 bello
1710 799 1870 875 uullaqneri
1883 821 1951 877 opos

295 884 444 956 Apoloqet„
477 897 536 951 cop.
566 878 602 938 tt
622 889 646 936 et
671 897 739 952 seqq.
762 898 823 954 pop.
842 881 909 949 tuo,
934 893 958 938 et
979 881 1099 938 tittod
1150 882 1949 966 trabebanrptnt.p.tot).ttdea1nnarnquesotncienat

296 977 478 1046 Nutiomnp.
494 976 583 1046 ιλιι.
599 970 681 1046 583),
697 974 773 1044 reite,
788 975 1046 1048 minturnensis
1059 975 1100 1031 di·
1151 976 1260 1034 illorum
1273 979 1307 1034 ab
1320 979 1434 1037 ethnicis
1447 981 1591 1040 disortium
1604 993 1631 1040 et
1643 988 1772 1044 secessio.
1804 988 1839 1045 iii
1852 993 1952 1065 quippe

295 1086 368 1138 rere,
379 1069 447 1125 mab
463 1068 577 1140 capitose
589 1067 622 1122 dc
632 1083 761 1139 quoquam
779 1108 787 1135 ,
802 1076 827 1122 et
840 1067 942 1123 ledani
962 1068 1042 1123 sicem
1053 1083 1097 1123 re·
1153 1077 1216 1124 tone
1229 1069 1375 1128 solitudine
1396 1087 1446 1128 aua
1467 1073 1658 1145 obstupefacti,
1685 1076 1775 1149 plures
1793 1079 1954 1141 habuissent

297 1166 373 1239 [erre.
387 1165 422 1218 nt
436 1161 478 1218 isis
490 1159 634 1231 praeceptis
652 1159 855 1216 accuratissime
868 1158 1099 1231 obsequebantur,
1153 1157 1256 1226 hostes,
1275 1177 1354 1233 quant
1367 1162 1450 1229 cites,
1459 1165 1594 1237 acquibus
1607 1167 1779 1238 imperarent,
1793 1181 1865 1230 certe
1878 1190 1949 1245 pau-

296 1252 523 1327 quemadmodum
544 1260 619 1322 patet
633 1267 668 1308 ex
681 1250 739 1320 his,
754 1267 813 1324 quae
825 1250 860 1310 de
872 1250 1050 1308 sanctissimis
1064 1250 1099 1308 il·
1152 1249 1292 1307 cissimos:
1325 1250 1405 1309 ii'unr
1431 1256 1509 1323 eninr,
1535 1258 1574 1313 ait
1599 1257 1788 1330 Tertullianus,
1814 1267 1953 1336 pauciores

296 1349 383 1407 lorum
404 1347 525 1403 moribus
544 1354 624 1402 antea
637 1346 754 1401 diximus
768 1343 881 1417 (Supra,
905 1361 964 1416 cop.
981 1346 1034 1412 tt,
1047 1354 1098 1401 nrt.
1154 1339 1237 1397 boner
1263 1343 1360 1400 habena
1382 1362 1439 1417 pree
1456 1349 1619 1406 multitudine
1645 1350 1844 1411 Christianorum
1870 1359 1954 1430 (perse

297 1441 310 1497 l
329 1451 353 1497 et
367 1436 461 1510 seqq).
484 1437 543 1494 Non
556 1452 622 1508 ergo
637 1436 753 1508 publici,
768 1436 823 1493 istro
842 1451 877 1495 ne
897 1436 977 1493 ullius
990 1436 1100 1508 quidem
1153 1435 1267 1489 omnium
1287 1436 1395 1504 cisium·
1416 1454 1480 1509 pesse
1493 1456 1580 1496 omnes
1593 1442 1659 1499 cioca
1683 1443 1842 1504 Christianos
1856 1449 1955 1505 hebni-

298 1531 416 1588 hominis
428 1572 437 1600 ,
450 1531 536 1586 multo
553 1531 644 1586 minus
657 1529 848 1601 insectatoris,
859 1538 888 1587 et
899 1529 1101 1603 totinsqeneqis
1157 1525 1223 1593 dau
1242 1538 1266 1583 ct
1282 1530 1365 1585 hostes
1379 1531 1505 1587 coaluistis
1517 1548 1607 1589 norme
1622 1537 1723 1606 pennis
1748 1538 1854 1593 lantoni
1869 1542 1955 1611 potius

297 1625 407 1682 itomani
429 1622 522 1680 hostes
537 1631 624 1679 erant.
639 1621 676 1678 Et
689 1631 765 1679 carte
781 1623 904 1695 quamtis
918 1623 993 1680 oruni
1005 1630 1101 1679 contu·
1153 1634 1231 1691 mnan
1244 1621 1338 1676 morit
1352 1622 1469 1696 hussmnip
1495 1623 1602 1699 (ibid).
1616 1623 1654 1681 lta
1673 1628 1782 1698 quidem
1804 1629 1832 1684 in
1855 1632 1955 1689 nostris

298 1719 439 1776 meliamm
460 1724 708 1788 tormentorumque
730 1731 833 1787 genem
845 1715 880 1772 ab
893 1716 1100 1789 imperatoribus
1114 1730 1139 1792 b
1152 1710 1290 1768 corticibus
1311 1715 1510 1786 siranuscriptis,
1529 1728 1556 1771 et
1570 1715 1649 1773 editis
1676 1718 1793 1791 Rigattio
1816 1721 1954 1790 antiquio·

297 1812 413 1882 aliisque
432 1809 548 1867 ethnicis
578 1807 835 1866 exmrnidcareatur
849 1826 857 1877 ;
872 1808 944 1866 inter
967 1809 1100 1881 plurimos
1151 1804 1237 1873 ribus,
1254 1804 1304 1861 nisi
1316 1805 1388 1877 quod
1401 1809 1429 1863 in
1443 1807 1604 1879 quibusdam
1616 1810 1715 1892 exiliis
1727 1811 1824 1886 legitur
1837 1813 1956 1871 habenda

298 1915 403 1970 tamen,
420 1902 564 1974 dequibus
588 1901 667 1974 paulo
687 1910 748 1973 post
771 1901 904 1973 agesrdum
917 1942 926 1970 ,
940 1903 987 1974 qui
1005 1910 1100 1960 moira
1151 1897 1448 1972 promissarumque
1466 1901 1524 1958 hsce
1536 1903 1628 1959 ultima
1644 1906 1741 1972 rerba,
1768 1908 1854 1976 potins
1877 1925 1955 1981 quant

298 1996 409 2054 eosdem
423 1995 617 2064 imperatores,
630 2002 658 2049 ct
668 1994 866 2066 rempublicam
879 1994 1099 2066 cossp'nrarerant,
1152 1990 1246 2045 arnna
1265 1990 1379 2060 tremam,
1404 2002 1524 2050 resecata
1545 2006 1617 2050 sunt.
1643 1994 1697 2052 Sed
1720 1996 1853 2068 Rigaltius
1868 2000 1954 2057 auda·

297 2088 391 2145 nultos
404 2101 520 2158 unquam
534 2101 569 2143 ex
581 2085 635 2141 illis
649 2086 774 2142 intentos
787 2094 838 2142 cst.
1152 2080 1210 2138 otor
1228 2097 1261 2138 ea
1276 2084 1365 2139 omnia
1384 2088 1543 2158 astipulavit,
1565 2103 1625 2159 qum
1637 2089 1744 2145 uncinis
1758 2090 1857 2147 includi
1869 2090 1955 2162 jussi·

331 2179 536 2252 Neqoetamen
553 2179 625 2252 -iilud
638 2178 796 2236 eorumdem
816 2177 1031 2236 Christianorum
1051 2187 1102 2236 ant
1152 2191 1223 2233 mut.
1251 2175 1345 2234 Tantte
1358 2188 1446 2236 tannen
1468 2181 1659 2252 amputationis
1682 2197 1717 2239 nc
1738 2198 1822 2240 unum
1844 2185 1955 2258 quidem

298 2272 458 2341 infirmitati,
471 2281 517 2328 snt
529 2272 695 2342 impotentia
706 2283 766 2329 erat
777 2271 998 2330 adscribendum.
1019 2271 1101 2333 Pota-
1152 2268 1264 2324 verbnm
1281 2267 1353 2326 iecit.
1380 2269 1516 2344 Numquid
1526 2287 1592 2344 ergo
1605 2274 1750 2330 arbitratus
1761 2284 1805 2331 est
1819 2277 1953 2335 rationem

298 2375 359 2424 rant
372 2367 443 2423 enim
458 2365 543 2423 laetas
555 2365 607 2422 sibi
620 2381 634 2422 a
647 2366 793 2438 gentilibus
812 2365 927 2437 iniurias
944 2380 1000 2422 non
1012 2366 1100 2422 solum
1152 2359 1338 2418 illiuscunctls
1351 2372 1440 2419 notam
1451 2378 1521 2429 esse,
1532 2364 1594 2437 quia
1605 2367 1683 2438 paulo
1694 2377 1756 2439 post
1768 2367 1952 2428 Tertullianus

297 2461 367 2517 clam
383 2474 416 2516 ac
429 2458 665 2527 lentiscuniculis,
685 2457 734 2515 sed
749 2456 836 2529 patan
856 2468 885 2516 et
901 2466 996 2529 aperto
1015 2466 1102 2516 marte
1153 2451 1238 2509 dixit:
1262 2451 1355 2510 Hostes
1370 2455 1487 2524 indicate
1506 2457 1641 2524 maluistis,
1654 2459 1698 2531 qui
1712 2476 1800 2516 sumus
1813 2464 1890 2535 plane
1901 2480 1954 2519 nnn

298 2556 403 2613 utdsei.
432 2555 466 2610 Et
488 2554 593 2610 occohe
614 2550 722 2623 quidem
745 2569 754 2608 e
774 2551 878 2623 quando
895 2551 935 2607 ret
959 2568 1012 2607 aaa
1035 2541 1099 2619 noa,
1151 2547 1539 2620 pennbinttmnitnnrcu,scd
1557 2553 1869 2628 perterrerentur).
1894 2556 1953 2614 Sed

297 2649 376 2706 sinoti
394 2653 432 2703 alt
452 2648 644 2714 Tertullianus,
666 2645 889 2717 mandamentis
906 2644 1011 2717 lntpiter
1023 2644 1102 2700 aab
1152 2639 1285 2709 numquid
1305 2642 1409 2697 auctori
1424 2657 1562 2716 uunquam
1576 2645 1650 2700 licuit
1661 2645 1758 2702 iisdem
1772 2648 1857 2704 serbis
1870 2664 1950 2706 eam·

297 2742 338 2797 nis
350 2749 434 2812 portet
447 2740 549 2812 operari
571 2733 737 2811 (latudine
749 2739 883 2811 Αροίιριι.
896 2755 955 2809 cap.
973 2737 1021 2804 bt,
1036 2754 1100 2811 pop.
1153 2731 1216 2788 dem
1229 2747 1263 2787 ex
1275 2731 1380 2789 duobus
1390 2737 1555 2805 argumentis
1567 2735 1711 2792 deductam
1724 2739 1824 2797 interne
1842 2741 1954 2800 coriciu-

298 2834 384 2906 i62);
406 2834 496 2900 idest,
520 2842 644 2903 poterant
657 2847 705 2903 per
729 2832 852 2888 obscuras
876 2831 964 2888 noctis
987 2832 1097 2889 silentia
1151 2825 1276 2882 sionensi
1304 2825 1486 2883 Tertullianus
1508 2839 1597 2886 autem
1611 2832 1748 2889 conscindit
1759 2837 1875 2906 gentiles
1889 2853 1949 2893 rna·

298 2928 467 2999 paucissimis
485 2925 591 2993 iaculis,
606 2926 772 2998 minimoque
785 2928 874 2997 pretio
893 2925 1004 2997 emptis,
1018 2926 1100 2984 urbes
1153 2916 1237 2973 luisse
1248 2917 1417 2975 Christianos
1439 2920 1553 2992 judicari
1567 2937 1620 2992 non
1642 2923 1748 2995 quidem
1761 2928 1872 2994 erroris,
1894 2929 1946 2987 sed

299 3020 455 3078 incendere.
481 3019 580 3075 Verum
595 3018 671 3082 nisit.
686 3019 772 3091 pergit
788 3020 845 3088 ille,
864 3028 892 3074 ut
915 3027 960 3075 ast
983 3020 1037 3092 ipati
1051 3020 1100 3076 ba·
1153 3010 1263 3068 hnmani
1275 3013 1382 3084 generis
1400 3013 1504 3081 hostes,
1526 3016 1653 3087 quianon
1670 3018 1734 3075 satis
1747 3020 1952 3080 ammadverta-

235 3099 236 3104 ἵ
297 3131 374 3171 nanno
388 3115 529 3171 vindicetur
541 3114 627 3169 diuina
645 3124 724 3180 tectu,
747 3124 792 3169 nat
813 3114 899 3169 dolent
924 3116 978 3185 poti
1006 3116 1034 3169 itt
1047 3123 1135 3189 quac
1153 3115 1214 3161 rant
1227 3106 1286 3161 5⁰⁰⁸
1311 3106 1518 3181 primoquidem
1540 3110 1575 3166 ³¹)
1594 3111 1634 3167 05⁸
1646 3110 1806 3179 itoetlessdttl
1825 3114 1952 3172 mundo

298 3211 417 3284 prolem
436 3206 728 3283 (resupinatione
746 3208 780 3264 ad
793 3207 934 3280 &putam
945 3209 1101 3266 rerinebarg
1153 3207 1255 3265 antem
1269 3200 1418 3269 demones,
1445 3213 1473 3257 ot
1499 3216 1562 3258 mou
1587 3203 1701 3272 dicetur,
1723 3219 1776 3260 non
1803 3205 1953 3277 eliciendo,

298 3303 371 3359 Absit
384 3313 412 3359 ut
431 3303 536 3378 indique
548 3306 700 3375 permen
713 3317 760 3358 star
774 3304 838 3372 poti,
851 3306 910 3374 qn'ae
931 3311 1059 3374 epm,
1074 3311 1103 3360 et
1154 3291 1246 3362 plnres
1260 3291 1326 3363 ipsis
1341 3291 1432 3349 hostes
1446 3309 1526 3364 qoam
1542 3294 1617 3351 cives
1631 3296 1741 3351 loturos.
1767 3295 1806 3351 lie
1820 3296 1956 3356 industrie

297 3395 420 3452 unionem
440 3411 458 3449 n
477 3395 549 3451 ssoiia
574 3393 688 3464 niirpunsn
708 3393 892 3462 mentirentur,
920 3409 997 3458 annm
1016 3392 1103 3451 ab„
1153 3398 1219 3440 vero
1234 3384 1399 3453 circadirit,
1419 3387 1481 3458 qnia
1495 3400 1665 3443 communem
1687 3403 1748 3445 cnm
1765 3388 1829 3458 illis,
1843 3389 1955 3447 atridi·
1988 3433 1993 3440 .

298 3499 473 3560 exspertum..
507 3488 603 3562 (rpem,
622 3487 667 3543 ιε),
682 3486 716 3541 aa
731 3487 840 3558 Semi,
855 3503 913 3557 cap,
942 3487 961 3542 2
975 3488 996 3558 p,
1029 3487 1098 3545 Tm
1155 3491 1226 3544 mus,
1241 3477 1559 3549 nitamagendo,cotum
1577 3482 1748 3539 cireserant.

298 3581 379 3651 igitur
420 3580 498 3637 dffefl
537 3582 655 3639 sationes
668 3622 677 3651 ,
716 3593 828 3654 propper
860 3597 927 3654 qim
951 3580 1103 3639 Christiani
1189 3565 1226 3624 Δ)
1238 3568 1315 3626 11οῧίὸ
1328 3569 1424 3641 aliquis
1436 3572 1548 3629 [Orbildll
1572 3573 1681 3646 objiciis!
1704 3583 1787 3631 liliam
1802 3575 1870 3634 lianc
1884 3577 1953 3636 Tfil'·

299 3671 500 3742 (mmmm,
516 3676 586 3730 350,st
608 3685 761 3746 pmfflpmm
774 3677 908 3743 misem,
926 3676 998 3731 epam
1012 3675 1099 3732 ,impp
1154 3658 1261 3716 tulliani
1285 3663 1550 3734 argumentationem
1579 3667 1629 3722 niti
1650 3666 1811 3725 intolerabili
1834 3670 1956 3727 nsultitn-

298 3777 361 3821 aare
376 3765 518 3822 noluerint.
530 3765 621 3821 Primo
633 3768 753 3836 quidem,
766 3769 828 3839 quia
838 3768 925 3823 dirim
936 3778 979 3825 est
992 3769 1100 3826 illorum
1153 3753 1454 3813 dlflssffllllllfflffifflffl
1470 3762 1686 3831 e¹³dil<³l²¹l⁰¹¹⁰·
1717 3761 1769 3820 Sed
1791 3764 1889 3823 ³th
1903 3782 1956 3839 1³0·

299 3868 378 3923 min,
408 3856 486 3928 eujus
509 3858 625 3930 legibus,
649 3858 781 3915 ultionem
803 3858 1020 3930 prohibentibus,
1048 3876 1102 3917 nnn
1155 3847 1236 3905 timus
1249 3850 1313 3921 quid
1323 3850 1489 3909 lorentiano
1505 3855 1635 3926 prodesse
1646 3867 1752 3927 poterat
1764 3858 1955 3930 intempestiva

298 3951 410 4010 obedire
438 3953 514 4009 netas
538 3952 678 4025 putabant.
712 3953 847 4025 Secundo,
875 3955 948 4012 illam
970 3956 1102 4014 ultionem
1154 3938 1318 4012 hldelbtllss?
1346 3945 1669 4019 Elltssiffliiltluidifflibff
1689 3949 1955 4022 c⁰¹¹¹l³0¹¹i¹¹slluibus

299 4053 491 4126 mmmm
515 4053 550 4110 ab
571 4052 758 4124 omnipotente
784 4052 841 4109 ppo
866 4067 926 4122 δυο,
947 4053 1103 4125 „qupgsqmo
1154 4034 1261 4109 ignotus
1279 4051 1334 4093 uon
1353 4048 1412 4094 erat
1432 4039 1796 4110 numerusCtrristianorum,
1811 4052 1838 4098 et
1854 4043 1901 4115 qni
1916 4044 1956 4102 illl

300 4142 564 4202 meiernmrnrdtce.
594 4143 699 4213 Tertio,
713 4160 809 4202 omnen
831 4144 980 4214 eruciatus,
1002 4145 1103 4203 pintan
1153 4131 1445 4217 citoeitiusmendacii
1468 4137 1595 4194 convicto
1616 4140 1696 4197 fidem
1712 4138 1955 4204 aliisinoruniltus

302 4238 416 4296 ethnicis
430 4239 555 4307 indictos,
568 4239 747 4297 libentissime
762 4237 949 4311 patiebantur,
968 4239 1030 4309 qnia
1044 4253 1103 4294 no·-
1153 4228 1339 4301 denegassent.
1395 4229 1496 4289 Deissdo
1527 4247 1592 4290 tero
1624 4236 1747 4306 superios
1783 4235 1956 4293 ostendimus

299 4330 905 4403 verantiisscnonlndl,sedprobariutrum
918 4329 1103 4403 mternadignl
1153 4322 1387 4398 (Sunt-,⁶⁰p·12,
1400 4328 1955 4401 nti.l)quomhmcuerasint,qonille
2004 4377 2010 4386 .

299 4434 390 4482 essent
403 4426 538 4482 mercede.
1153 4419 1188 4476 de
1202 4421 1302 4491 ingenti
1310 4420 1524 4480 Christianorum
1538 4437 1651 4479 numero
1665 4432 1719 4480 tam
1742 4425 1844 4481 diserte
1859 4434 1888 4480 et
1915 4423 1955 4479 ibi

336 4518 406 4575 Solis
422 4517 512 4590 ltaqne
527 4518 744 4587 iterationibus,
769 4533 822 4575 nnn
843 4527 933 4576 autern
956 4517 1009 4576 nlla
1023 4518 1142 4582 inde-1)
1155 4521 1182 4569 et
1195 4513 1258 4571 alihi
1274 4515 1393 4572 tradidit.

299 4611 392 4668 rotante
404 4612 446 4669 ret
460 4611 626 4684 impotentia,
637 4627 652 4667 a
663 4612 794 4668 sttmenda
805 4612 839 4668 de
849 4611 964 4669 ethnicis
979 4611 1101 4669 hostibus
1189 4605 1367 4663 attudeorum
1381 4608 1486 4665 ratione
1499 4608 1668 4666 demonstrat
1680 4625 1760 4682 quarn
1773 4607 1952 4667 tacitectrrts-

299 4709 356 4763 suis
369 4707 471 4765 ultione
482 4707 665 4764 abstinebant.
689 4706 760 4763 Nihil
774 4710 846 4764 enirn
858 4706 912 4763 iilis
924 4708 1008 4778 magis
1022 4706 1101 4762 laeile
1152 4697 1219 4753 tianl
1232 4699 1326 4758 ulcisci
1349 4716 1379 4759 se
1394 4711 1529 4772 poterant.
1553 4703 1641 4759 Perses
1661 4704 1746 4775 ipsos,
1767 4704 1864 4776 inquit,
1878 4703 1955 4760 solos

299 4799 507 4870 expeditumque
520 4807 587 4855 crat.
598 4798 664 4854 liant
673 4799 797 4870 superins
808 4797 974 4854 ostendimus
987 4796 1095 4869 (Supr,
1151 4801 1209 4847 erat
1223 4803 1342 4864 potestas
1353 4793 1491 4852 demones
1504 4811 1537 4853 οι
1560 4796 1689 4865 obstitis,
1705 4799 1776 4854 ⁸10¹st
1794 4807 1871 4855 tillet
1884 4799 1955 4855 lidi·

300 4889 420 4960 carm,
436 4901 485 4945 nrt.
503 4892 515 4946 t
533 4892 545 4961 )
565 4891 625 4946 illos
650 4891 741 4947 omnia
764 4889 845 4946 totius
866 4899 998 4947 terrarum
1023 4889 1098 4946 orbis
1151 4899 1212 4940 mos
1230 4885 1410 4958 (Supr.,cnp.
1427 4886 1455 4956 8,
1469 4887 1580 4959 arrd),
1607 4890 1777 4947 ethrsiuoruns
1792 4890 1956 4962 corporibus

299 4979 369 5050 loca,
382 4983 502 5053 exeeptis
515 4982 582 5038 sotir
593 4981 720 5037 laisnrunr
733 4981 847 5037 dentum
861 4981 978 5052 templis,
1000 4980 1097 5051 imple·
1149 4977 1276 5048 ejiciendi
1304 4977 1481 5053 (latoidum,
1495 4982 1631 5056 apotopu.
1654 4999 1714 5055 cap.
1730 4984 1776 5052 tt,
1797 5001 1858 5056 paq.
1871 4981 1954 5054 463).

299 5074 381 5141 visse,
403 5089 435 5130 ac
458 5074 537 5145 longe
560 5074 690 5144 maiorem
714 5072 831 5140 illorum,
854 5088 935 5145 quarn
958 5058 1099 5144 gentilium
1151 5071 1233 5144 ntqnt
1246 5071 1270 5128 si
1285 5072 1346 5130 illos
1359 5088 1413 5130 non
1427 5075 1597 5147 eseqmsent:
1632 5073 1840 5144 summense
1851 5076 1951 5145 miens,

195 5169 198 5172 ’
299 5167 382 5225 inisse
397 5183 550 5223 numerum.
575 5166 643 5236 Quid
663 5182 729 5239 erpo
750 5165 894 5239 protsttere
912 5179 960 5223 eos
982 5173 1097 5237 poterat,
1151 5165 1337 5237 ipsamerejos
1357 5166 1438 5223 uerba
1455 5177 1528 5237 suist,
1548 5177 1643 5224 nottroe
1658 5169 1771 5235 ultioni,
1788 5167 1955 5238 quodmcttn

300 5263 443 5334 quominus
458 5263 648 5332 intromonte,
663 5263 786 5321 ethnicos
798 5245 948 5330 vincerent,
961 5262 1100 5333 victosque
1150 5258 1374 5331 emodepnsscssia
1384 5258 1660 5334 immundisrpiritiisa
1666 5270 1762 5333 ροισι)
1773 5258 1952 5332 (imicitiam,

300 5355 406 5412 meritis
430 5355 577 5414 adicerent
602 5355 742 5429 suppliciis
771 5354 936 5430 (Tertulliano.
962 5355 1098 5428 Apolopet.
1152 5352 1285 5425 innan).
1316 5352 1355 5409 lbi
1371 5361 1463 5410 erstem
1479 5351 1610 5427 liiqaltins
1627 5353 1700 5410 serio
1722 5353 1955 5432 nosndmonntu

300 5463 360 5518 cup.
376 5447 589 5522 illim-hffill
604 5449 658 5507 Fae
671 5458 773 5518 tamen,
793 5448 907 5516 sirelis,
930 5447 1031 5504 illoset
1045 5463 1097 5503 nn·
1151 5448 1187 5505 ab
1208 5448 1269 5507 aliis
1292 5450 1430 5523 accepisse
1453 5452 1481 5508 in
1503 5450 1598 5508 codiee
1612 5449 1752 5515 Fuldemi,
1774 5463 1824 5521 pro
1844 5455 1952 5521 m

299 5554 376 5598 mero
388 5547 415 5597 et
427 5542 512 5613 copiis
534 5541 618 5599 inisse
631 5543 685 5600 illis
699 5545 824 5615 impares,
851 5540 981 5614 numquid
1000 5540 1100 5597 idcireo
1151 5542 1281 5615 seriptum
1297 5545 1428 5615 puterrda.
1453 5542 1594 5601 Miraberis
1614 5544 1709 5616 procul
1720 5541 1803 5600 dubio
1817 5553 1953 5598 summ

298 5631 332 5688 ad
356 5633 456 5691 bellam
480 5635 639 5708 gerendum,
666 5646 695 5693 et
724 5636 817 5694 hostes
843 5637 990 5693 vincendos
1009 5637 1100 5692 minos
1151 5632 1222 5691 illius
1235 5634 1410 5708 diligentiam,
1425 5636 1471 5708 qui
1492 5636 1561 5692 hanc
1581 5636 1716 5694 diversam
1740 5646 1795 5692 tam
1814 5635 1957 5692 temno·

297 5722 387 5781 idonei
398 5726 495 5782 enntt
517 5728 612 5788 Nonne
628 5728 783 5789 latebantnr
802 5727 904 5788 ethnici
924 5737 1042 5790 mortem
1062 5727 1098 5786 nb
1150 5725 1398 5787 metatorem
1419 5728 1535 5788 odorum
1549 5728 1706 5789 tmdnsonio
1725 5735 1849 5798 annotat,
1863 5733 1893 5784 et
1905 5737 1955 5784 stt·
