4242 6259
261 328 318 388 665
941 317 1174 378 renunculum
1862 313 1914 375 idi

264 446 416 502 Citrirtionir
428 444 500 499 idola
514 441 682 513 fabrefacere,
704 445 749 492 unt
769 436 878 492 rendae
898 435 1062 501 adoraturis,
1076 434 1103 495 Α
1115 432 1231 500 dacium,
1260 446 1342 504 quum
1356 439 1410 487 tota
1423 431 1571 489 substantia
1593 431 1653 504 eius
1667 430 1784 489 mendax
1808 431 1854 487 sit.
1875 430 1915 488 lte

264 554 296 592 oe
307 536 408 609 quidam
420 550 478 587 cunt
490 531 561 585 aliud
576 546 625 585 non
642 529 744 595 liabent,
758 528 826 582 unde
836 528 920 581 uiuunt
933 526 1001 598 (rap.
1018 524 1059 597 5).
1113 526 1154 591 stt,
1170 534 1199 581 nt
1211 524 1303 579 omnia
1318 524 1345 578 in
1360 522 1523 585 idololatria,
1538 532 1566 580 ct
1578 523 1605 578 in
1619 522 1745 579 omnibus
1761 521 1912 579 idololatria

266 628 390 684 Prolrilat
413 625 489 679 etium
512 622 707 691 edificationem
729 619 829 690 templi,
852 633 915 683 orte,
931 615 1059 682 rediculo,
1113 616 1342 687 deprehendatur.
1356 614 1410 671 Sed
1430 625 1457 672 et
1477 616 1545 672 alias
1562 630 1645 687 qurum
1666 617 1790 672 universa
1815 614 1913 673 delicta

267 724 358 778 donno
372 721 399 773 iu
410 718 532 772 honorem
542 716 670 770 idolorum
690 716 759 787 (rap.
781 713 821 784 8).
838 712 906 782 Quin
918 712 994 766 aium
1014 726 1060 766 tre·
1113 707 1242 764 aduersus
1257 707 1399 762 bominum
1411 707 1528 776 sapiant,
1542 706 1608 762 nibil
1621 716 1711 764 antem
1724 706 1796 779 quod
1810 707 1912 764 aduer-

268 812 418 885 potiationet
430 808 551 863 mercium
565 824 663 874 auruur,
678 821 735 878 quite
746 805 781 859 ad
799 803 971 859 idololatriam
984 801 1063 872 perti·
1114 818 1160 885 sus
1171 803 1314 859 Donrinum
1327 802 1367 874 (7)
1383 805 1479 874 sapiat,
1492 796 1546 858 nen
1565 802 1707 859 demoniis
1727 810 1755 858 et
1769 800 1914 858 immundis
1979 818 1982 823 ·

267 912 328 959 nertt
342 902 410 976 (cap.
426 900 471 974 Η)
482 918 488 954 :
501 918 516 954 a
527 901 600 973 [ertit
612 915 712 969 quoque
726 898 813 952 diebus
825 897 902 951 etium
916 893 1061 950 eruraordi·
1116 896 1254 967 spiritibus
1269 887 1425 968 deputetur,
1447 896 1544 967 quibus
1557 895 1626 951 idola
1641 895 1840 966 mancipamur:
1854 897 1915 952 sine

269 996 350 1053 nuriit
379 992 555 1050 abstinendum
580 990 660 1063 (rap.
684 989 741 1060 td)
767 1008 773 1043 :
801 1003 880 1059 neque
894 987 972 1041 serris
990 987 1066 1040 licere
1116 988 1199 1045 dubio
1213 989 1392 1046 idololatriam
1409 987 1538 1058 admittit,
1552 989 1705 1060 quicunque
1717 988 1869 1060 delinquit:
1885 988 1913 1045 id

267 1087 457 1143 ministraturae
470 1083 625 1139 idololatria
635 1082 705 1152 (cop.
720 1080 766 1150 18)
780 1099 785 1133 :
798 1095 877 1149 neque
886 1079 982 1132 licitum
997 1076 1065 1130 mili·
1116 1082 1189 1138 enim
1202 1079 1267 1137 facit
1279 1081 1351 1153 qnod
1364 1081 1399 1138 sd
1412 1081 1545 1137 idoneam
1561 1081 1842 1162 muricipesnperrineu,

268 1181 341 1242 liunt,
355 1178 381 1232 in
393 1193 443 1243 qno
456 1176 618 1230 militandum
631 1175 664 1228 rit
674 1173 720 1227 tui
732 1172 805 1244 tipno
817 1169 913 1225 dioboli
923 1169 993 1242 (rap.
1006 1168 1063 1237 19);
1425 1175 1540 1233 cutm
1559 1174 1592 1232 ΙΙ,

272 1270 454 1343 dejerationem
468 1283 567 1322 omnent
582 1281 626 1322 me
640 1264 765 1327 llercule,
778 1262 886 1318 medius
899 1262 1002 1326 Fidius,
1020 1275 1066 1314 nee
1152 1267 1207 1325 sqq
1244 1270 1368 1326 urrerem
1409 1269 1518 1325 pontina
1551 1263 1695 1326 egwinum
1720 1268 1859 1326 almagno
1884 1269 1914 1327 j„

269 1377 321 1416 nou
334 1360 518 1430 abjurationem
529 1357 633 1427 Jupiter
644 1356 689 1411 tibi
701 1356 736 1410 sit
749 1356 844 1421 iratus,
856 1361 879 1409 et
894 1352 1060 1441 sabsecutam,
1114 1373 1227 1430 opernm
1254 1374 1364 1415 snos-nm
1401 1362 1581 1432 proprietates
1593 1376 1601 1426 ;
1623 1370 1772 1416 ,remansae
1798 1361 1913 1417 idolol..

263 1457 464 1529 rerpontionem,
490 1455 545 1510 imo
560 1453 619 1517 tibi,
630 1452 735 1507 dunmat
748 1460 772 1505 et
783 1458 924 1505 execratur.
939 1448 1063 1502 Carnum
1114 1452 1164 1506 tria
1193 1451 1219 1505 in
1244 1465 1278 1507 eo
1298 1450 1368 1521 rqund
1383 1452 1440 1522 ipsa
1454 1461 1496 1507 cst
1511 1469 1517 1506 :
1532 1452 1631 1507 srtlbcit
1643 1453 1695 1507 sibi
1708 1461 1761 1507 tom
1775 1450 1912 1509 inimicum

271 1554 300 1606 io
322 1550 473 1623 perlegendo
496 1551 542 1603 lror
563 1554 673 1602 tractatu
687 1545 837 1599 discretione
849 1558 915 1613 opat
928 1551 965 1596 ert
980 1557 989 1595 .·
1005 1555 1063 1609 que
1114 1542 1171 1598 lieo
1185 1557 1295 1610 nornen,
1310 1553 1363 1597 uum
1385 1542 1506 1615 locuples
1528 1545 1675 1599 substantia
1704 1544 1911 1614 criminisque

264 1647 335 1700 e'nirn
346 1644 414 1699 uelut
435 1642 563 1716 pertendin
586 1640 712 1712 principio
731 1636 905 1691 Tertullianus
919 1635 960 1689 iric
974 1634 1062 1705 ponit,
1115 1642 1155 1688 tut
1168 1649 1259 1712 numos
1271 1635 1395 1707 porrigit,
1407 1644 1461 1690 tarn
1475 1650 1557 1691 uenas
1569 1633 1688 1692 defundit
1706 1634 1757 1707 (8),
1774 1646 1802 1690 ιιι
1814 1636 1848 1692 dc
1862 1636 1914 1691 lucc

265 1738 322 1807 lere
340 1737 425 1791 orrrrriu
446 1751 505 1789 reru
520 1742 598 1799 runt,·
619 1747 670 1786 nan
690 1739 775 1784 uatem
790 1729 876 1783 omorio
898 1742 957 1782 reru
977 1735 1060 1794 turn,
1114 1741 1175 1782 curn
1192 1728 1307 1782 musitae
1322 1729 1435 1784 materia
1448 1738 1571 1800 suscepta
1586 1729 1639 1796 sit,
1654 1739 1720 1801 quot
1735 1729 1823 1784 modis
1838 1728 1915 1785 nobis

268 1844 326 1898 quta
335 1827 427 1881 mode
440 1826 551 1880 deducit.
565 1824 649 1879 buon
1077 1796 1102 1857 Β
1118 1819 1291 1891 praecarenda
1306 1821 1343 1876 sit
1356 1812 1514 1880 scandata
1537 1819 1660 1876 latitudo.
1672 1821 1805 1890 erortiam
1821 1806 1913 1876 nutriti·

1116 1911 1210 1967 curiam
1222 1927 1315 1969 seruos
1324 1912 1369 1967 liei
1385 1927 1436 1968 nec
1448 1921 1550 1967 tanturn
1562 1913 1694 1983 ignorata,
1706 1910 1756 1969 sed
1769 1913 1849 1969 etium
1859 1911 1914 1967 dis·

1116 2003 1240 2059 simulata
1263 2004 1406 2065 snbvertit,
1418 2000 1544 2072 Plerique
1563 2004 1741 2060 idololatriam
1757 2004 1914 2073 simpliciter

1117 2097 1273 2167 existimant
1295 2097 1336 2152 bis
1355 2096 1421 2153 solis
1435 2096 1522 2152 modis
1542 2096 1771 2167 interpretandam
1787 2117 1795 2152 ε
1811 2097 1833 2153 si
1854 2098 1916 2169 quis

1117 2198 1164 2245 aut
1185 2189 1319 2256 incendat,
1335 2202 1381 2244 ant
1394 2188 1525 2252 inrorelet,
1541 2200 1587 2245 ant
1601 2190 1744 2258 polluceat,
1760 2197 1807 2244 aut
1829 2189 1913 2247 sacris

1115 2281 1247 2353 aliquibus
1260 2288 1306 2336 aut
1318 2280 1476 2336 sacerdotiis
1485 2278 1619 2352 obligetur
1631 2300 1639 2333 ε
1650 2269 1877 2351 quemadmodum
1886 2280 1909 2336 si

1113 2372 1174 2442 quis
1185 2373 1325 2429 existimet
1337 2373 1499 2429 adulterium
1513 2375 1539 2429 in
1559 2375 1672 2441 osculis,
1693 2384 1721 2430 et
1734 2376 1760 2430 in
1775 2373 1911 2444 amplexi·

1113 2464 1175 2534 bus,
1192 2475 1219 2522 et
1234 2465 1261 2520 in
1276 2466 1331 2535 ipsa
1351 2467 1440 2521 carnis
1455 2469 1648 2539 conpressione
1661 2468 1827 2525 censendum
1844 2477 1912 2524 :aut

1114 2555 1287 2612 homicidium
1300 2557 1329 2612 in
1342 2557 1399 2612 sole
1412 2560 1549 2629 sarrgninis
1561 2558 1724 2629 prolusione,
1736 2570 1763 2615 et
1777 2560 1910 2615 inanima

1113 2651 1252 2718 ereptione
1266 2651 1443 2718 reputandam
1459 2652 1585 2723 (diutule,
1603 2654 1634 2721 t,
1645 2654 1681 2710 22
1692 2653 1713 2728 ).
1724 2655 1830 2711 etenim
1854 2654 1910 2709 Du·

1114 2740 1203 2795 minus
1213 2756 1292 2810 quarn
1303 2743 1444 2798 entertsius
1458 2744 1507 2798 ista
1518 2744 1715 2816 disponntccrti
1727 2760 1830 2810 sumtus,
1848 2760 1911 2801 curn

1114 2833 1275 2890 adulterium
1292 2836 1373 2891 etiam
1388 2837 1413 2889 in
1430 2838 1645 2908 correupiscentio
1658 2840 1797 2911 designat,
1813 2839 1835 2893 si
1845 2854 1911 2896 oen·

1115 2927 1169 2983 inm
1181 2928 1240 2999 quis
1260 2929 1400 3000 impegerit
1415 2931 1567 2998 libidinose,
1583 2941 1610 2988 et
1624 2933 1741 2987 animam
1753 2947 1910 2989 connumera·

1115 3020 1151 3075 rit
1165 3019 1300 3091 impudice
1322 3020 1458 3092 (ibidem)
1483 3041 1490 3078 ε
1510 3037 1571 3078 cum
1588 3024 1763 3079 ltnttticidinm
1784 3024 1864 3080 etiam
1884 3024 1911 3079 in

1114 3112 1197 3167 uerbo
1218 3111 1355 3168 maledicti
1371 3113 1414 3169 vel
1434 3115 1546 3170 curtricii
1560 3115 1664 3187 judicat
1683 3116 1734 3189 (9),
1751 3125 1780 3172 et
1796 3116 1823 3171 in
1837 3116 1910 3171 omrti

1115 3202 1216 3273 impetu
1230 3204 1287 3271 itte,
1303 3213 1330 3259 et
1345 3205 1373 3259 in
1386 3205 1548 3277 negligentia
1566 3207 1685 3263 caritatis
1698 3208 1725 3261 in
1737 3207 1856 3264 fratrem.
1867 3207 1910 3264 Si-

1113 3303 1159 3349 cut
1173 3292 1277 3368 (tuom,
1292 3294 1337 3360 itt.
1349 3296 1393 3366 15)
1401 3296 1520 3354 loanttes
1529 3297 1608 3355 docet
1622 3299 1784 3356 homicidam
1794 3316 1855 3358 esse
1864 3301 1910 3373 qni

1113 3385 1200 3441 oderit
1224 3385 1344 3443 lratrctn.
1360 3389 1485 3459 Alioquin
1509 3391 1536 3445 in
1560 3391 1666 3446 modico
1691 3393 1863 3460 consisteret,
1884 3402 1912 3450 et

1113 3479 1211 3535 diaboli
1226 3480 1362 3552 ingenium
1382 3481 1416 3536 de
1436 3483 1590 3549 tortitiam
1612 3485 1659 3539 bei
1683 3485 1789 3540 bomini
1805 3485 1864 3559 (tut
1877 3485 1911 3543 de

1113 3571 1264 3643 disciplina,
1280 3588 1332 3643 qna
1351 3588 1401 3628 nus
1416 3575 1547 3630 aduersus
1559 3574 1659 3631 diaboli
1673 3576 1830 3633 altitudines
1852 3576 1913 3650 (ιι)

1113 3665 1199 3721 munit
1214 3665 1343 3738 (norun,
1360 3665 1393 3731 V,
1407 3669 1444 3738 cf.
1463 3668 1557 3738 Apoe..
1574 3666 1606 3722 t.
1618 3669 1679 3741 il),
1695 3669 1718 3725 si
1740 3670 1766 3725 in
1788 3668 1829 3723 bis
1848 3668 1908 3740 itu)

1114 3767 1215 3813 tourtam
1228 3758 1332 3816 delictis
1341 3758 1535 3828 iudicaremur,
1551 3775 1612 3830 qme
1624 3760 1704 3817 etiarn
1716 3760 1839 3816 nationes
1857 3759 1908 3816 de·

1112 3859 1255 3906 creuerunt
1275 3849 1445 3905 uindicando.
1470 3849 1612 3918 Quomodo
1635 3851 1780 3906 abundabit
1804 3849 1909 3920 justitia

1112 3951 1202 3997 nostra
1217 3956 1299 4011 strper
1312 3943 1413 3999 scribas
1428 3954 1455 3999 et
1468 3944 1626 4015 pbarisaeos,
1644 3955 1672 3999 nt
1688 3944 1817 3999 bonrintts
1837 3958 1910 4015 prte-

1111 4033 1230 4104 scripsit,
1245 4034 1295 4089 nisi
1309 4030 1500 4089 abundantiam
1514 4035 1677 4091 adversariae
1691 4036 1761 4105 eins,
1776 4035 1802 4089 id
1815 4046 1857 4090 est
1870 4036 1911 4089 iu·

1109 4126 1220 4198 justitia
1233 4127 1471 4198 perspexerimus?
1484 4126 1562 4195 ernd
1577 4128 1598 4181 si
1612 4140 1693 4196 capon
1706 4128 1842 4199 iniustitiae
1851 4128 1909 4183 irio·

1110 4218 1215 4275 loistris
1235 4228 1286 4284 est,
1301 4220 1376 4289 prins
1396 4229 1438 4276 est
1451 4220 1488 4274 nti
1505 4220 1636 4276 aduersus
1648 4219 1840 4277 ubuttdantiam
1854 4219 1910 4276 ido-
1962 4230 1968 4237 ’

1110 4313 1224 4368 lolulria·
1239 4313 1460 4383 prmmnninmnr,
1473 4311 1537 4368 durn
1553 4313 1624 4369 illam
1637 4328 1691 4369 non
1707 4315 1795 4370 soluat
1809 4314 1835 4370 in
1849 4326 1907 4367 nto-

1111 4405 1215 4463 nilestis
1227 4406 1455 4475 recognoscimus.

534 1915 649 1972 CAPUT
669 1911 814 1969 Piilbillll.

300 2012 450 2083 Principale
478 2011 579 2066 crimen
614 2007 721 2079 generis
735 2004 856 2070 itamari,
879 2018 1005 2060 summus
1018 2016 1084 2065 sc·v

263 2106 316 2162 culi
340 2082 516 2169 reatusstota
544 2114 639 2156 caussa
669 2096 783 2169 iudicii,
809 2095 969 2152 idololatria.
996 2084 1063 2149 Nam

263 2201 314 2256 etsi
327 2214 403 2255 snam
428 2196 545 2266 speciem
575 2202 647 2248 tenet
675 2190 891 2262 unumquodque
911 2188 1063 2253 delictum,

263 2293 315 2350 ctsi
341 2305 391 2348 suo
417 2304 524 2360 qnoque
551 2286 660 2342 tramine
686 2285 746 2354 (l)
778 2283 879 2354 judicio
900 2281 1061 2349 destinatur,

263 2385 291 2440 in
316 2382 473 2439 idololatriae
497 2389 585 2435 tanuen
622 2377 735 2432 crimine
757 2375 927 2445 expungitur.
963 2373 1063 2430 Omitte

262 2476 367 2539 titulos,
396 2489 493 2545 operas
526 2483 691 2542 recognosce
715 2468 756 2541 (ι)
773 2486 779 2522 :
796 2466 962 2533 idololatres,
989 2464 1061 2521 idem

262 2566 395 2623 homicida
411 2576 462 2621 est.
483 2562 589 2633 Quouis
615 2576 694 2631 quem
716 2557 864 2616 occiderit?
892 2556 1001 2628 siquid
1028 2556 1063 2612 ad

262 2659 342 2730 elogii
371 2657 543 2713 amb'tionem
572 2653 647 2716 lacit,
670 2667 722 2707 non
748 2660 917 2715 extraneum,
944 2664 994 2704 nec
1011 2648 1064 2703 ini·

262 2752 373 2818 micum,
396 2751 442 2807 sed
462 2765 492 2806 se
507 2749 606 2819 ipsum.
621 2746 723 2814 eribns
742 2745 869 2800 insidiis?
887 2744 989 2800 erroris
1008 2743 1060 2799 sni.

261 2843 321 2912 Qua
332 2842 403 2899 telo?
417 2839 517 2895 oliensn
536 2839 593 2895 bei.
605 2839 677 2908 Quint
692 2836 795 2908 plagisi
805 2844 936 2906 quotquot
948 2835 1063 2891 idolola-

262 2936 331 2989 triis.
344 2932 394 3000 Qui
413 2940 493 3003 negat
503 2929 665 2985 idololatren
679 2928 793 2998 perisse,
815 2928 838 2982 is
852 2927 960 2998 negabit
972 2927 1062 2984 idolo·

260 3025 349 3083 latren
369 3024 543 3081 homicidium
568 3021 673 3078 iecisse.
701 3019 816 3077 Proinde
839 3018 879 3091 (ὃ)
899 3020 1062 3077 adulterium

233 3186 239 3211 D
261 3128 288 3175 et
298 3129 420 3189 stuprum
435 3116 462 3171 ln
477 3114 572 3171 codem
583 3126 761 3184 recognoscas
773 3129 780 3165 ε
791 3126 851 3166 nam
862 3111 908 3182 qui
919 3111 992 3167 loisis
1004 3111 1063 3168 deis

260 3212 354 3274 seruit.
378 3211 438 3266 sine
458 3207 539 3265 dnbio
563 3205 667 3261 adulter
681 3214 723 3261 est
743 3205 875 3275 ueritatis,
898 3205 960 3274 quia
979 3219 1061 3262 omne

261 3305 359 3362 iolsum
374 3302 533 3358 adulterium
548 3310 598 3357 est.
612 3298 657 3356 Sic
672 3307 699 3354 et
713 3297 739 3352 in
754 3298 796 3367 (l)
810 3306 908 3368 stupro,
919 3298 1059 3368 mergitur.

259 3396 325 3466 Quis
346 3397 417 3453 eninr
433 3392 579 3450 immundis
600 3389 738 3463 spiritibus
758 3398 895 3459 operatus,
918 3403 972 3444 non
993 3404 1058 3444 con·

259 3496 401 3564 spurcatur
415 3499 442 3545 ct
457 3493 647 3552 constupratus
662 3482 761 3540 inicedit
779 3484 789 3552 (
807 3481 912 3547 ruera..
933 3479 1019 3537 xxm
1030 3480 1060 3551 >i

261 3587 350 3653 nuque
364 3580 432 3638 adeo
444 3580 590 3649 Scripturas
610 3585 711 3630 sancire
725 3574 810 3642 stupri
833 3572 964 3629 vocabulo
978 3581 1060 3627 utun·

260 3675 344 3731 turin
358 3671 518 3727 idololatriae
532 3667 750 3738 exprobratione.
766 3664 880 3720 Fraudis
891 3664 1012 3720 conditio
1027 3678 1060 3719 ea

260 3775 302 3822 cst
325 3764 431 3833 opinor,
446 3760 469 3815 si
483 3761 544 3830 quis
558 3759 677 3813 alienum
694 3757 797 3826 rapiat,
812 3764 858 3809 ιιιι
872 3754 916 3811 aiii
938 3753 1059 3811 debiturn

262 3856 387 3924 deneget,
398 3861 425 3907 et
439 3851 531 3920 utique
543 3865 605 3920 erga
616 3848 751 3904 bominem
762 3846 879 3902 adnuisse
891 3846 964 3902 lanus
975 3847 1061 3902 moxi·

260 3947 298 4005 mi
309 3943 430 4001 criminis
444 3957 541 3998 nornen
559 3951 611 3997 est.
628 3941 736 3995 Atenim
759 3939 910 3994 idololatria
937 3938 1058 3994 fraudem

259 4039 317 4096 beo
332 4037 404 4101 lacit,
420 4035 536 4091 irorrores
558 4033 595 4088 iili
617 4047 681 4088 suos
703 4033 850 4102 denegans,
873 4041 902 4087 et
917 4030 1059 4111 corrlerens

258 4128 330 4195 aliis,
344 4139 373 4183 ιιι
386 4126 471 4182 iraudi
486 4128 566 4181 etiam
579 4125 769 4181 contumeliam
781 4126 936 4196 courirungat.
949 4125 1026 4194 erod
1036 4126 1058 4181 si

260 4228 315 4275 tam
328 4221 401 4275 lraus
423 4234 502 4290 quam
521 4227 644 4290 stuprum
665 4213 746 4289 atque
760 4217 921 4274 adulterium
942 4227 1058 4275 mortem

259 4311 386 4377 alierum,
401 4312 456 4387 jam
470 4311 496 4366 in
516 4311 558 4367 bis
573 4308 902 4382 aquampendentem
922 4309 1058 4367 bomicidri

256 4414 333 4460 reatu
347 4418 400 4459 non
415 4404 551 4459 liberatur.
569 4402 632 4459 Post
652 4403 714 4458 talia
726 4401 848 4468 crinriuo,
863 4414 916 4458 tarn
930 4404 1057 4470 exitiosa,

258 4509 315 4557 tam
329 4500 499 4557 devoratoria
519 4499 625 4563 salutis,
641 4508 737 4552 catera
759 4511 866 4568 quoque
886 4474 1003 4567 aiiq'uent
1025 4498 1099 4572 arip
1412 4498 1527 4554 cuent
1551 4498 1595 4554 lll.

258 4592 368 4649 modurn
391 4602 418 4648 et
438 4605 559 4646 seorsum
576 4589 1054 4661 proindedispasim,inidololatria
1144 4588 1246 4644 idolum
1283 4588 1436 4661 aliquandiu
1469 4598 1542 4646 retro
1578 4604 1630 4644 non
1655 4600 1724 4646 erat.
1749 4590 1906 4661 Priusquam

260 4685 440 4741 conditionem
454 4698 529 4738 suain
549 4693 755 4756 representans.
770 4682 799 4737 l'n
815 4682 860 4738 illa
874 4691 900 4737 et
914 4682 1056 4750 concupis·
1108 4680 1188 4752 buius
1209 4680 1321 4737 monstri
1344 4682 1461 4737 ortiliees
1483 4681 1650 4747 ebullissent,
1675 4683 1732 4737 sula
1756 4683 1854 4753 tetrrpla
1880 4689 1909 4738 et

256 4775 545 4843 centiasmcrrli.Q·r;e
565 4775 978 4831 cnirnirlulolutriaesoletnnitas
997 4774 1056 4830 siue
1108 4788 1198 4829 trucum
1223 4773 1295 4829 mdes
1320 4784 1416 4837 eruin,
1446 4774 1516 4829 sicut
1552 4775 1578 4829 in
1609 4775 1770 4831 bodicrnnm
1796 4774 1908 4847 quibus·

256 4867 405 4924 ambitione
419 4869 506 4924 cultus
521 4877 548 4922 et
561 4867 731 4922 oruntnslln
746 4867 791 4921 illa
802 4867 918 4923 lasciuire
930 4858 1056 4923 ctebrie·
1107 4865 1169 4921 dum
1204 4866 1270 4922 locis
1301 4867 1441 4921 uetustatis
1472 4867 1581 4937 uestigio
1606 4879 1774 4938 permanent.
1804 4868 1906 4925 Tamen

259 4968 340 5027 tates,
364 4976 425 5017 cunr
450 4960 593 5032 plin-inmun
620 4961 705 5014 rictas
719 4970 746 5015 et
769 4960 870 5014 retritis
890 4967 918 5015 et
938 4959 1056 5016 libidinis
1108 4955 1259 5015 idololatrici
1273 4959 1411 5029 agebatur,
1428 4976 1481 5013 ιιοιι
1497 4960 1522 5014 in
1544 4962 1595 5016 isto
1611 4961 1730 5028 tramine,
1745 4961 1793 5017 sed
1814 4961 1841 5017 in
1854 4961 1907 5017 isto

256 5069 354 5109 caussa
364 5051 565 5123 frequentantur
580 5052 631 5123 (6).
647 5051 675 5105 Ιιι
690 5052 734 5105 illa
750 5052 890 5122 injustitia.
902 5052 971 5119 Quid
982 5052 1055 5108 enim
1106 5065 1198 5121 opere.
1213 5049 1280 5107 Num
1295 5058 1322 5105 et
1337 5049 1503 5106 lrediaextra
1519 5053 1647 5123 templum
1660 5064 1688 5108 et
1701 5055 1760 5109 sine
1773 5053 1846 5109 idulu
1863 5054 1906 5124 agi

255 5146 381 5217 injustius
393 5160 436 5212 ea,
451 5146 631 5215 quajrrstitiro
643 5146 749 5200 Patrem
765 5147 863 5202 urescit?
874 5146 903 5202 ln
916 5146 959 5202 illu
971 5148 1053 5203 etiarn
1106 5153 1205 5215 protest.
1230 5145 1264 5196 dt
1286 5140 1330 5196 rtlri
1344 5142 1460 5198 artifices
1482 5151 1630 5199 statuarum
1646 5154 1674 5201 et
1697 5144 1853 5216 imaginum,
1876 5154 1906 5201 et

253 5239 368 5306 vanitas,
396 5253 478 5309 quum
504 5244 559 5293 tuta
580 5236 639 5306 eius
653 5236 721 5293 ratio
735 5251 803 5292 narra
817 5238 870 5305 sit;
888 5238 914 5293 in
927 5238 971 5295 illa
981 5254 1053 5296 men·
1105 5236 1194 5295 uernis
1205 5236 1314 5307 generis
1331 5238 1534 5295 simulacrorum
1548 5237 1673 5297 diabolus
1686 5239 1788 5297 smcuio
1799 5240 1900 5310 intulit,

332 5687 501 5756 lourestttip.

870 5381 1063 5441 bbcutones
1085 5380 1292 5439 VARleTES.

275 5505 314 5745 ἓ)

287 5690 302 5738 ⁴
330 5748 385 5798 iam
397 5750 435 5799 bis
445 5763 516 5812 reque
528 5752 587 5803 iarn.

334 5502 455 5568 Quodque
467 5505 566 5554 noznine
577 5504 640 5555 Jun-
1155 5505 1263 5567 ilicum
1277 5502 1464 5556 -neomrti.

288 5752 304 5799 5

275 5750 314 5873 iti)
326 5809 527 5871 urequreoternor
539 5814 595 5876 Rip.
626 5861 631 5877 ,

331 5565 413 5625 Opera
423 5579 574 5629 recognosce
585 5568 645 5618 lun.
660 5565 737 5619 lulla.

332 5627 441 5678 Perinde
455 5627 532 5681 cruris

1141 5568 1167 5627 8)
1183 5567 1413 5620 Diffunditii'etttu.
1453 5567 1503 5617 .S.

1096 5631 1101 5669 t
1140 5630 1166 5691 9)
1179 5629 1272 5681 indicat
1282 5631 1345 5681 tum.

1144 5691 1172 5742 ld
1200 5690 1332 5742 Dominum
1342 5692 1406 5742 lun.

1129 5753 1167 5810 (tt
1199 5749 1352 5824 Latitudines
1368 5754 1460 5806 Wouw.
1474 5754 1510 5803 ii.
1522 5752 1616 5818 S.,liig.

1130 5812 1339 5875 mmmm
