4242 6259
305 270 358 334 tit

839 265 875 328 m
891 264 1124 330 runrmurur
1141 243 1406 328 srornuerroru

309 388 360 445 m.
378 383 426 454 sa,
440 399 501 461 pap.
515 381 574 455 aa).
588 379 642 439 seu
655 379 858 454 uersuram
879 381 908 438 n
922 380 1107 453 eumantius
1119 381 1269 450 namo.
1284 381 1403 439 mnium
1417 347 1692 440 ananruomrn
1713 379 1817 439 taurin
1839 385 1965 456 manua

309 481 409 542 nostris
420 473 652 537 dissertationibus
666 470 821 561 (dissertat
833 474 861 530 ira
874 474 972 532 tttmr.
987 491 1047 545 cop.
1059 474 1107 543 2⁰,

311 585 362 631 ort.
376 575 404 642 3,
418 574 445 626 in
455 570 551 625 droob.
560 584 620 639 cop.
631 567 660 634 b,
675 577 725 622 ort.
734 582 755 635 ι,
768 567 796 622 ior
808 563 929 624 Lac‘tarrt.
942 583 1001 638 cop·
1015 567 1043 634 T,
1055 575 1107 622 art.

309 667 410 735 &ceu
427 662 473 729 tt,
492 669 543 716 ort.
558 676 582 728 r,
605 675 664 732 cop.
680 657 727 728 20,
742 669 792 714 ort.
809 659 836 732 t,
851 659 970 731 raum,
985 667 1037 716 out.
1053 658 1071 715 d
1085 658 1107 729 l.

346 759 381 814 bt
392 755 503 827 nosjam
516 752 548 812 ud
568 752 620 814 olio
633 751 716 810 solito
736 765 814 812 mere
828 750 995 834 asptananda
1011 765 1108 823 prope-

309 858 403 908 rantes
417 847 514 918 aliquis
525 844 636 908 lorsitan
648 843 819 910 retardabit,
841 853 869 902 et
882 860 898 900 a
913 843 993 902 uobis
1013 844 1108 902 scisu-

310 943 410 1000 tabttur
424 956 472 997 cur
488 940 589 997 Auctor
607 948 701 996 noster
724 936 824 996 dixerit
845 938 973 996 dumanas
986 937 1017 994 ob
1033 936 1110 992 nioli-

311 1039 373 1094 tiom
391 1036 595 1110 praedamnatos,
617 1041 646 1089 et
680 1040 772 1104 postea
793 1031 943 1103 adjecerit,
975 1031 1110 1103 desperata

312 1129 425 1188 conditio
452 1143 538 1184 eorum
566 1143 598 1182 es
616 1124 836 1196 praedamnatione
858 1124 977 1180 solatium
1008 1131 1110 1191 reputat

316 1222 432 1296 frumdoe
454 1221 554 1276 interim
575 1220 744 1292 nraiiguitotis
770 1218 801 1273 de
815 1233 896 1287 paruae
909 1233 982 1272 mora
996 1215 1109 1289 (Termi.

310 1315 444 1386 Apolopet.
466 1329 525 1382 cau.
540 1311 586 1379 ut,
609 1329 633 1366 c.
654 1310 726 1376 4043
750 1310 813 1366 ibid.
838 1310 888 1365 col.
907 1309 953 1374 ut,
981 1325 1008 1381 u.
1033 1308 1108 1381 tau).

311 1407 440 1477 Quaenam
454 1414 512 1470 est,
527 1403 630 1475 iriquiet
644 1402 706 1469 tlte,
732 1400 956 1460 brodariorum
980 1400 1113 1472 prudent-

310 1496 385 1560 tratio
400 1502 428 1549 et
440 1509 528 1566 poenm
538 1507 633 1558 mora,
648 1490 827 1561 ecquodnam
841 1490 962 1546 lrueodrc
985 1490 1110 1562 maligni·

310 1588 374 1644 tatis
386 1586 512 1642 solatium
523 1585 535 1639 i
545 1583 612 1640 Nam
625 1583 696 1638 idern
709 1583 766 1656 ipse
778 1580 962 1640 Tertullianus
982 1598 1036 1638 noo
1058 1583 1111 1637 mi·

1159 474 1225 540 liei,
1240 474 1290 542 Qui
1302 482 1421 540 tortam,
1443 473 1546 544 inquit,
1560 473 1609 528 lroc
1622 472 1711 528 muudi
1733 488 1827 544 corpus
1849 476 1883 530 de
1909 492 1962 545 eo,

1158 567 1227 639 quod
1241 568 1406 640 consuerat,
1419 566 1520 635 idest,
1534 581 1568 622 et
1583 566 1668 622 nibiio
1693 568 1836 637 composuit
1850 568 1965 640 (Tertub
1982 599 1987 610 ι

1159 661 1222 715 bne.
1237 660 1369 731 tuotopm
1384 676 1442 731 cop.
1455 659 1502 727 ts,
1529 658 1580 715 col.
1598 658 1677 729 520),
1690 660 1749 716 sire
1770 668 1800 716 ut
1820 661 1907 719 nostri
1929 671 1962 720 et

1159 763 1222 811 ante
1235 753 1379 825 Rigaltinm
1394 752 1458 810 editi
1483 752 1592 810 codices
1606 752 1723 821 liabent,
1738 753 1882 824 imposuit,
1907 770 1961 814 eeu

1156 845 1260 902 amaris
1272 886 1280 912 ,
1294 846 1316 899 is
1326 855 1400 901 certo
1414 845 1473 915 ipse
1489 851 1577 915 potest
1589 842 1713 899 bomioes
1734 843 1767 899 de
1779 853 1861 900 esorte
1884 862 1964 902 raes·

1159 937 1236 993 donis
1249 945 1273 992 et
1286 937 1435 1002 inunitatis,
1447 937 1500 992 boc
1510 945 1553 991 est
1564 977 1572 1000 ,
1584 935 1619 992 ab
1628 945 1734 1003 mmte,
1746 934 1804 991 sire
1818 936 1961 1004 inanitate,

1160 1043 1191 1084 ac
1208 1027 1356 1098 priuatione
1370 1027 1431 1082 uiue
1440 1025 1474 1082 ad
1487 1025 1635 1082 secundant
1649 1025 1733 1102 ritum
1744 1026 1875 1083 excitare.
1891 1027 1963 1084 Naar

1161 1119 1189 1175 bi
1205 1134 1286 1174 unam
1299 1117 1487 1175 tantummodo
1497 1117 1617 1174 cilicium
1628 1126 1733 1188 partera
1749 1118 1851 1186 mnam,
1876 1134 1963 1191 quern

1161 1220 1268 1267 constat
1280 1226 1341 1267 esse
1351 1211 1499 1266 munatium
1512 1211 1604 1282 spiritu
1618 1209 1732 1265 amrium
1755 1210 1904 1267 minuare.
1925 1212 1965 1269 Et

1162 1305 1198 1360 ita
1211 1304 1326 1376 quidem
1340 1303 1490 1374 Rigaltius,
1505 1313 1532 1358 ot
1549 1301 1595 1358 alii
1608 1302 1735 1371 deinceps
1749 1301 1819 1359 bunc
1829 1303 1965 1379 exbiberrt

1161 1396 1320 1455 Tertulliani
1335 1405 1449 1453 terrum.
1462 1395 1558 1456 ttobns
1568 1410 1635 1454 toro
1644 1396 1961 1468 nostrianttooioresapue

1161 1489 1254 1546 excusi
1279 1487 1406 1551 codices,
1426 1487 1568 1542 oriniacum
1582 1486 1674 1557 spirita
1687 1487 1800 1542 mnium
1813 1488 1961 1546 ruiturarum

1161 1581 1311 1635 aninrotore.
1322 1578 1413 1635 Nostri
1424 1578 1557 1650 siqnidem
1568 1577 1898 1650 touomargomuitauo
1907 1580 1959 1636 du·

310 1693 363 1735 uus
388 1679 547 1750 perspicue,
573 1676 611 1732 uti
639 1674 813 1742 monuimus,
840 1675 950 1731 dixerat
971 1689 1005 1732 ex
1025 1675 1111 1731 sacris
1161 1673 1232 1732 citur
1245 1688 1261 1729 a
1276 1672 1389 1742 majori,
1403 1680 1433 1727 ut
1444 1672 1531 1739 aium,
1544 1669 1580 1728 ad
1592 1673 1878 1739 miuus,sireatoto‚
1888 1672 1962 1743 quod

315 1771 463 1842 Scriptnris
486 1770 576 1841 colligi
599 1768 751 1826 daemonnm
775 1777 884 1841 gentem
909 1770 1035 1827 eom-sui
1059 1785 1110 1842 ge·
1123 1782 1149 1846 Β
1162 1764 1332 1834 tanum-toti,
1345 1765 1379 1820 ad
1391 1773 1493 1835 partein
1504 1779 1566 1835 qum
1578 1762 1636 1821 lieri
1652 1763 1753 1820 idcirco
1766 1773 1866 1835 potest
1884 1763 1961 1820 bim-

311 1862 385 1919 neris
398 1860 570 1927 auctoribus,
584 1875 616 1915 ac
626 1859 748 1931 principe
770 1875 833 1916 esse
847 1876 902 1917 non
916 1861 1025 1932 quiderm
1040 1877 1111 1933 prac-
1162 1857 1232 1926 dus,
1248 1857 1353 1930 inquit,
1367 1857 1519 1924 animatus,
1533 1856 1592 1914 sire
1605 1863 1713 1914 creatm
1724 1863 1767 1911 esi
1790 1869 1806 1910 a
1818 1854 1865 1910 liei
1878 1855 1959 1928 spiri·

311 1955 481 2021 damnatam,
508 1953 557 2009 sed
581 1953 705 2010 absolute
734 1951 898 2010 damnatam.
929 1955 963 2012 m
985 1955 1111 2027 quarnris
1162 1950 1510 2021 to,omninruauimarum
1525 1949 1696 2014 animatum
1719 1962 1786 2019 ergo
1806 1948 1879 2006 idon
1901 1949 1961 2020 ipsc

311 2057 387 2104 certa
400 2046 435 2101 sit
449 2045 603 2102 durannum
617 2044 774 2115 damnatio,
790 2061 843 2102 non
859 2045 990 2102 bitumen
1006 2046 1111 2104 debitas
1163 2046 1212 2102 liei
1226 2046 1339 2118 spiritus
1350 2052 1443 2117 potest
1456 2043 1581 2100 homines
1605 2057 1658 2100 riou
1683 2043 1820 2110 omnium,
1839 2043 1888 2100 sed
1911 2059 1961 2100 sno

312 2153 407 2194 ornnes
419 2135 568 2193 sceleribus
582 2136 639 2191 suis
654 2149 748 2208 poenas
772 2136 859 2210 luurrt.
874 2135 981 2192 Etenim
997 2136 1024 2191 in
1044 2137 1112 2208 ipsis
1162 2148 1285 2206 motum,
1299 2139 1395 2209 spiritu
1403 2137 1540 2201 urrinratos
1552 2144 1613 2206 post
1624 2149 1719 2192 omum
1733 2146 1848 2192 murtena
1862 2136 1960 2194 wara

310 2230 392 2288 ctiam
415 2230 500 2287 sacris
519 2229 666 2301 Scripturis
687 2229 795 2284 cbristo
809 2227 920 2286 dontino
933 2231 1111 2302 exprobrasse
1162 2233 1299 2298 animare,
1320 2240 1348 2288 et
1366 2244 1460 2287 rursus
1472 2244 1524 2286 noir
1539 2229 1690 2296 excubitu,
1705 2229 1743 2286 uti
1755 2229 1849 2300 prius,
1863 2229 1910 2286 sed
1925 2229 1960 2286 ab

298 2324 454 2408 ,dicuntum
468 2320 564 2378 Verristi
574 2323 624 2376 buc
634 2330 694 2377 oute
703 2329 802 2394 tempus
813 2332 929 2393 torpuere
941 2338 986 2377 nos
1000 2321 1109 2394 (ilottb.
1161 2324 1293 2393 interitu,
1306 2333 1334 2382 et
1346 2323 1400 2380 rita
1411 2332 1491 2382 antea
1500 2321 1659 2394 deperdita,
1681 2321 1715 2381 od
1728 2321 1874 2380 maan
1887 2336 1961 2379 eam·

310 2433 369 2488 cop.
385 2415 412 2482 8,
435 2413 542 2486 mill.
555 2413 609 2470 Sed
633 2413 692 2470 bauo
704 2414 871 2486 Augustinus
886 2429 920 2471 ex
934 2414 1007 2471 Petri
1031 2429 1111 2487 apos·
1162 2415 1279 2488 demque
1289 2429 1432 2476 reuocare.
1554 2482 1564 2496 N

311 2508 358 2564 toli
372 2507 485 2581 epistola
499 2506 1112 2580 clariusexposuitsl'eccosseooordamange-
1159 2511 1362 2584 thidsero,
1377 2509 1520 2581 uuodbaec
1534 2511 1591 2582 ipsa
1617 2509 1665 2566 bat
1691 2509 1725 2567 ed
1740 2520 1860 2566 mortuos
1873 2508 1961 2566 bont-

311 2600 366 2667 lot,
381 2600 484 2672 inquit,
497 2601 522 2664 ei
534 2599 561 2654 iu
574 2600 651 2671 liujus
675 2598 765 2654 usundi
778 2600 830 2653 imo
849 2605 984 2669 detrusos,
1006 2600 1050 2673 pai
1075 2602 1112 2657 ct's
1161 2619 1211 2661 nes
1223 2603 1431 2664 ususctunoos
1444 2603 1564 2674 potentia
1577 2618 1630 2659 nou
1640 2603 1724 2659 totins
1734 2612 1839 2659 tanturn
1852 2602 1959 2668 mnndi,

310 2694 378 2748 uelut
390 2709 476 2749 carcer
491 2702 545 2760 est,
572 2692 651 2765 iisque
664 2691 699 2746 od
713 2697 827 2766 [uturum
839 2693 867 2752 iu
888 2694 1029 2765 dieiudicii
1050 2695 1111 2752 ulti·

310 2801 381 2840 nrum
391 2785 580 2840 damnationem
591 2785 722 2857 apostolus
737 2783 830 2844 Petrus
851 2786 1010 2857 apertissime
1021 2796 1107 2844 ostea-

312 2877 367 2944 dit,
381 2876 468 2932 diceus
482 2876 551 2948 quod
568 2874 639 2932 Deua
652 2874 751 2949 onpeir't
771 2877 944 2948 peccatoribus
956 2893 1007 2934 trort
1021 2895 1113 2950 peuer-

312 2969 374 3025 cerit
387 3009 395 3033 ,
410 2969 455 3023 sed
464 2968 608 3030 carceribus
618 2968 735 3040 caliginis
743 2969 837 3042 inserui
852 2972 1000 3038 retrudens,
1027 2969 1112 3027 trodi-

207 3115 213 3122 .
312 3061 377 3118 derit
391 3063 417 3116 in
435 3061 536 3133 jndicio
560 3061 703 3135 puniendos
719 3063 846 3119 reseruari
867 3063 989 3136 (Aapurt.
1010 3064 1054 3121 tit.
1075 3064 1111 3131 X,

1160 2701 1210 2756 sed
1223 2701 1280 2769 ipsa
1295 2696 1375 2754 eluta
1390 2698 1445 2753 sola
1460 2697 1580 2754 loominis
1602 2697 1770 2753 creationes
1795 2695 1960 2754 Tertulliano

1162 2789 1312 2848 luculenter
1336 2788 1548 2845 demonstratur.
1575 2787 1664 2845 llooro
1692 2789 1795 2845 etenim
1815 2797 1960 2859 somonam

1162 2888 1320 2949 crearetur,
1334 2880 1403 2936 nibil
1414 2889 1493 2948 erat,
1508 2879 1627 2951 alioquin
1641 2894 1671 2936 se
1691 2877 1774 2936 inisse
1798 2880 1894 2935 saltem
1913 2879 1964 2936 oli·

1163 2972 1270 3044 quando
1296 2971 1608 3043 monstratumque
1630 2986 1648 3026 a
1670 2970 1844 3027 beoarcatos
1864 2980 1908 3027 est
1928 2986 1963 3028 ea

1164 3064 1269 3131 nihilo,
1302 3072 1390 3134 potest
1418 3063 1509 3135 ntique
1536 3062 1631 3119 eadam
1659 3062 1705 3118 bet
1729 3061 1845 3132 potentio
1865 3071 1892 3118 et
1911 3076 1963 3119 ro·

312 3153 424 3212 decinit.
439 3170 498 3226 cop.
521 3153 829 3227 depraedatorem
847 3153 933 3228 Epist.
953 3156 982 3224 Ξ,
1006 3173 1066 3230 cop.
1082 3157 1109 3224 2,
1124 3178 1147 3243 fl
1164 3159 1267 3215 luntate
1289 3172 1306 3211 a
1331 3166 1418 3214 nrurte
1445 3158 1565 3213 reuocari
1579 3156 1687 3228 llbidd.
1699 3155 1756 3212 b'on
1779 3156 1850 3212 euim
1872 3156 1965 3227 major

320 3246 410 3320 ul).
424 3247 460 3303 tlt
476 3245 532 3306 lituo
547 3245 687 3303 infernalis
709 3247 849 3322 caliginis,
871 3249 996 3322 ignisque
1020 3266 1111 3308 reser-
1165 3249 1200 3304 ad
1216 3249 1328 3321 primm
1342 3248 1528 3318 creationem,
1541 3264 1622 3320 quant
1636 3249 1855 3305 tasumauooem
1866 3256 1896 3305 ot
1906 3263 1966 3306 res-

311 3341 366 3397 rati
378 3343 454 3397 moro
467 3355 500 3396 ao
513 3339 607 3395 dilatio
621 3340 818 3413 qualiacumque
828 3342 895 3413 ipsis
907 3352 965 3398 erat
978 3343 1113 3415 pendam·
1165 3342 1319 3402 titutionem
1336 3343 1486 3414 requiritur
1499 3352 1631 3414 potestas.
1644 3341 1701 3400 tlec
1713 3341 1847 3398 curiosius
1856 3341 1966 3413 quidem

315 3432 432 3490 badonis
458 3446 490 3488 ac
524 3432 686 3490 conditionis
716 3432 867 3505 desperatae
895 3435 1030 3491 solatium.
1058 3434 1113 3492 Sua
1164 3433 1398 3506 importunusque
1419 3434 1542 3505 requiras
1561 3432 1698 3504 quomodo
1724 3433 1751 3489 id
1771 3433 1830 3489 lieri
1858 3439 1965 3504 quen:

313 3528 452 3584 enimuero
465 3523 622 3581 fruebantur
637 3526 744 3582 interim
760 3527 937 3598 malignitate,
954 3542 1006 3599 qua
1020 3526 1114 3584 Chris·
1164 3528 1236 3588 Nom
1249 3529 1327 3585 redde
1334 3529 1357 3586 ri
1372 3538 1462 3600 potes,
1489 3528 1575 3599 inaruit
1593 3525 1793 3592 Tertullianus,
1815 3526 1963 3595 rationu,

314 3618 403 3674 tianos
415 3616 449 3673 ad
462 3617 515 3682 sni,
526 3618 583 3672 siue
593 3616 722 3674 tatsornm
733 3617 846 3674 deorum
862 3619 996 3689 vidimus,
1010 3621 1113 3676 cultum
1149 3640 1215 3696 poa
1237 3626 1323 3696 [arms
1345 3637 1381 3689 es,
1397 3631 1421 3677 et
1443 3631 1504 3678 tam
1517 3621 1617 3692 require
1630 3636 1681 3692 pua
1702 3619 1749 3689 uer
1763 3617 1861 3689 (idrus,
1876 3616 1964 3686 ibid).

313 3707 358 3763 rel
372 3707 550 3772 inducebant,
571 3707 614 3763 rel
636 3707 788 3766 alliciebant
802 3720 830 3766 ut
856 3718 1004 3790 renuentes
1014 3711 1114 3769 crude·

315 3802 425 3860 lissimis
440 3800 474 3856 ad
495 3811 611 3857 mortem
633 3816 719 3874 nsque
731 3804 870 3875 suppliciis
890 3805 1115 3863 etoornlllcarcu·

317 3903 370 3951 tur.
385 3897 422 3950 tn
433 3892 469 3949 de
481 3892 637 3948 boceorum
652 3894 750 3951 solatio
762 3895 900 3967 dilatoque
910 3897 1044 3967 supplicio
1067 3897 1116 3953 ali·

316 3987 551 4061 bidisputarimus
568 3987 687 4062 (diisset.
697 3988 853 4046 tumorum.
863 4006 923 4064 cop.
937 3989 984 4061 ab,
998 4000 1049 4047 art.
1062 3992 1081 4050 5
1092 3993 1114 4064 ).

626 4124 739 4183 carba
758 4125 804 4182 xl.

318 4255 359 4311 lie
372 4266 529 4313 mortuorum
540 4257 670 4313 bominum
689 4257 723 4311 ud
737 4259 814 4312 ritum
834 4257 1013 4328 revocatione,
1038 4270 1117 4320 autre

354 4365 396 4405 mo
411 4347 457 4403 Dei
468 4349 582 4418 iudicio,
598 4350 699 4405 mimicis
714 4349 851 4422 iraculorum
862 4351 952 4421 panis,
965 4368 995 4408 oc
1006 4353 1119 4425 praemiis

349 4442 500 4510 justorum,
515 4453 591 4514 otprre
607 4444 751 4498 adiuturum
772 4453 829 4500 onie
853 4443 972 4502 ultimum
994 4431 1119 4518 iodicium

355 4534 531 4606 receptaculis.

583 4663 736 4707 tuttctttbs
754 4664 860 4708 ems.

326 4783 423 4851 Quibus
436 4784 593 4856 orpumrutir
610 4782 781 4840 Tertullionm
795 4785 937 4854 probauerit
949 4802 1035 4844 orttrrcs
1049 4805 1119 4844 mor·

359 4887 415 4931 tuos
425 4877 539 4932 torrrtncr
552 4876 671 4949 possead
685 4879 760 4931 uitam
774 4879 904 4946 reuocari,
930 4895 961 4935 oc
979 4869 1068 4935 reuerti
1077 4898 1120 4937 re·

358 4969 485 5024 uouendos
503 4987 509 5023 :
522 4980 607 5024 utrum
618 4970 713 5023 omitum
725 4971 873 5040 corporibus
888 4981 980 5037 erutae,
995 4981 1018 5027 et
1028 4974 1083 5028 siue
1095 4975 1125 5030 ii·

359 5062 443 5117 iorum
456 5062 596 5116 ministerio
613 5062 711 5132 pertint
726 5060 824 5131 aliquid
838 5079 931 5134 opere,
946 5064 1018 5136 uoti,
1032 5082 1062 5121 oc
1076 5065 1123 5122 du·

359 5154 425 5221 irre,
441 5163 463 5207 et
478 5153 572 5208 letari.

360 5290 402 5347 td
412 5289 464 5346 alia
478 5304 551 5348 nuuc
565 5290 759 5346 transeundum
770 5299 812 5347 ost
821 5291 977 5350 christianae
985 5295 1122 5366 roligionis

324 5383 450 5457 dogmata
463 5425 471 5452 ,
485 5400 545 5455 quae
558 5383 739 5442 Tertullianus
754 5387 810 5442 suis
822 5388 848 5442 in
869 5388 944 5445 libris
957 5400 1050 5447 eontra
1059 5392 1124 5452 etli-

324 5477 401 5532 nieos
419 5478 516 5531 asserit
525 5490 557 5531 ue
568 5483 666 5531 tnetnr.
680 5476 769 5534 Urium
783 5488 871 5536 autem
885 5496 917 5536 er
932 5481 964 5536 iis
977 5493 1124 5555 nostraque

324 5567 557 5626 uniinadt'ersione
571 5567 681 5641 dignum
696 5580 757 5639 oet,
774 5572 845 5641 quod
859 5582 1014 5632 constanter
1028 5577 1121 5648 tradit,

324 5659 459 5731 uariisque
480 5661 614 5717 rationum
629 5664 772 5720 momentis
798 5666 893 5737 probat
909 5682 1004 5724 omnes
1027 5671 1123 5728 omni·

325 5763 362 5807 uo
373 5759 493 5808 mortuos
506 5751 629 5812 homiues
649 5755 677 5812 io
698 5756 751 5814 lluo
765 5758 902 5830 mundiod
921 5761 1003 5820 tritara
1029 5744 1122 5821 roro?

1166 3719 1223 3784 Qut
1250 3717 1388 3778 coiotrero
1406 3714 1526 3786 potentia
1554 3699 1673 3784 primum
1693 3713 1781 3768 lactus
1796 3725 1844 3777 as,
1870 3709 1966 3766 eadem

1167 3818 1259 3879 postea
1285 3807 1425 3870 relicturis.
1436 3804 1617 3873 Quamobrem
1629 3802 1652 3860 si
1670 3803 1705 3859 de
1728 3802 1815 3873 prima
1839 3817 1893 3858 aaa
1913 3801 1967 3858 dn·

1166 3900 1254 3967 bitas,
1279 3897 1314 3956 do
1343 3895 1463 3956 secunda
1493 3895 1579 3951 multo
1601 3894 1690 3950 minus
1716 3892 1840 3952 dubitare
1860 3892 1965 3950 dabas:

1167 3993 1271 4050 Etenim
1282 3992 1384 4064 [adlisa
1408 3991 1510 4062 utique,
1526 3987 1565 4043 uti
1587 3987 1633 4043 iile
1645 3985 1734 4044 udbnu
1746 3987 1802 4052 ait,
1823 3986 1886 4055 uer,
1898 3986 1967 4055 suad

1167 4087 1241 4158 [aisti
1250 4086 1406 4158 uliuuorrdo,
1418 4085 1479 4158 puio
1493 4099 1564 4155 apuu
1575 4098 1625 4139 non
1639 4081 1742 4153 difficile
1754 4084 1837 4154 [actm
1847 4097 1884 4146 er,
1897 4080 1967 4152 guod

1168 4195 1220 4235 non
1228 4179 1303 4252 [niati
1315 4178 1455 4246 otipmaao
1467 4176 1576 4248 (ibid).
1587 4174 1677 4232 Simili
1688 4181 1776 4230 autem
1790 4172 1871 4229 niodo
1881 4172 1968 4228 Uicu-

1163 4272 1235 4327 ·tium
1253 4270 1389 4334 Felicem,
1405 4268 1593 4333 metantium,
1608 4276 1636 4324 et
1660 4266 1730 4320 alios
1756 4264 1923 4346 disputantes
1935 4263 1965 4320 iu

1168 4362 1353 4435 superioribus
1363 4361 1599 4420 dissertationibus
1612 4359 1763 4418 audirimus
1776 4359 1924 4430 (dissertat.
1939 4359 1968 4414 iu

1170 4457 1265 4514 Minoi.
1281 4473 1339 4527 cop.
1356 4457 1383 4524 t,
1397 4465 1448 4511 ort.
1468 4454 1497 4523 Ξ,
1507 4464 1532 4510 et
1546 4456 1573 4510 t'o
1599 4453 1719 4512 Metam.
1732 4470 1790 4525 cop.
1802 4453 1849 4519 tu,
1863 4461 1911 4507 art.
1926 4451 1967 4524 l).

1130 4582 1159 4648 D
1208 4548 1366 4606 Atsilroein
1381 4548 1428 4604 Dei
1444 4556 1576 4619 potestate
1589 4554 1631 4602 est
1640 4547 1751 4602 omnino
1764 4543 1969 4616 positumnititt

1171 4645 1244 4701 alind
1258 4643 1425 4714 probandum
1446 4649 1588 4712 superest,
1613 4655 1695 4711 quarn
1717 4649 1747 4696 ut
1768 4639 1794 4694 id
1819 4639 1864 4695 ille
1884 4636 1968 4704 uelit,

1171 4751 1255 4807 seque
1268 4736 1385 4792 uoluisse
1398 4748 1493 4791 reuera
1507 4715 1710 4804 significarerii.
1725 4730 1805 4803 Atqui
1818 4729 1870 4788 boo
1890 4730 1969 4800 ipre,

1172 4827 1398 4900 qnenmdruodum
1411 4834 1505 4881 auctor
1523 4834 1616 4881 noster
1636 4824 1756 4896 loquitur
1767 4823 1930 4891 ,damnarit
1946 4829 1972 4876 et

1174 4922 1320 4994 praedicorit
1333 4920 1499 4993 tTrrtutliarr.
1515 4915 1608 4991 ibid),
1623 4932 1674 4974 uec
1685 4916 1770 4974 semel
1785 4916 1903 4987 quiderm,
1918 4913 1971 4971 sed

1174 5014 1405 5086 snuinsinsacris
1424 5012 1543 5080 ueteris,
1567 5026 1599 5068 ac
1615 5012 1764 5083 presertim
1783 5009 1844 5066 nori
1870 5008 1970 5064 Tosta-

1175 5108 1258 5164 menti
1272 5105 1428 5177 Scripturis.
1444 5104 1538 5176 Neque
1550 5104 1602 5160 boo
1614 5101 1784 5174 congerenda
1798 5110 1860 5156 sunt
1873 5114 1973 5157 earum

1174 5199 1423 5270 testimonimum
1446 5196 1572 5255 omnibns
1585 5196 1685 5266 passim
1708 5194 1787 5251 obuia
1810 5201 1890 5260 suot,
1918 5208 1972 5249 nec

1174 5293 1244 5349 ullus
1254 5279 1351 5364 punc,
1362 5291 1408 5363 oui
1421 5303 1468 5347 eas
1482 5289 1525 5346 rel
1538 5287 1675 5345 levissime
1705 5288 1840 5359 attigerit,
1864 5287 1974 5359 ignora·

1175 5404 1204 5445 re
1215 5395 1311 5459 potest.
1329 5385 1486 5442 Certissima
1498 5393 1589 5440 autern
1601 5392 1662 5450 ost,
1675 5382 1745 5440 siunt
1755 5395 1836 5454 snpra
1848 5379 1974 5438 osterdi·

1174 5497 1251 5552 rous,
1272 5480 1378 5538 illarum
1403 5478 1664 5551 auctoritamus.
1692 5493 1751 5549 cap.
1769 5475 1798 5541 e,
1819 5485 1869 5530 ort.
1893 5475 1923 5542 3,
1948 5482 1975 5530 et

1174 5575 1268 5649 erup).
1281 5573 1395 5631 Constat
1404 5587 1470 5644 ergo
1480 5573 1564 5630 Deum
1576 5581 1604 5628 ot
1619 5583 1715 5641 posse,
1728 5578 1757 5625 et
1774 5567 1858 5634 telle,
1872 5575 1901 5622 nt
1911 5581 1975 5624 oua-

1175 5666 1348 5727 nesommm
1360 5664 1458 5723 mortni
1485 5665 1609 5721 bomiscos
1627 5663 1653 5720 iu
1668 5661 1809 5734 pristinam
1831 5660 1894 5718 rite
1916 5673 1979 5717 suaa

1176 5761 1357 5823 conditionem
1395 5759 1598 5829 restituanturt
1633 5771 1666 5818 au
1705 5757 1819 5832 proinde
1856 5756 1978 5816 totunm
