4242 6259
243 311 314 371 lili
966 309 1198 372 mhtdttlaul
1826 314 1906 377 1502

191 419 204 454 ¹
239 429 322 488 simul
332 423 894 501 iojnniatransipunt,alterutradocentes,
910 427 1263 500 alterutrophenedictim
1284 435 1381 486 sonant
1401 429 1472 488 inter
1494 428 1562 489 duos
1583 429 1679 504 psalm
1701 439 1731 489 et
1750 430 1857 506 hymni,
1872 443 1905 491 et

149 535 153 552 ¹
242 518 392 588 hortantes,
417 519 547 575 alterutro
567 519 731 576 sustinentes
743 518 794 592 (l).
807 519 837 577 ln
849 519 970 577 Ecclesia
993 519 1043 577 ilai
1094 531 1357 594 mutuopronoeant,
1381 520 1442 594 auis
1461 520 1557 582 melias
1571 522 1627 581 lieo
1642 523 1901 582 succentoriam

240 616 344 687 pariter
365 612 600 685 permananter
624 614 650 668 in
674 613 798 670 convivia
818 615 877 680 [lei.
901 614 1042 686 paritario
1094 612 1218 671 Christus
1232 614 1328 672 uidens
1349 622 1377 672 et
1395 613 1509 672 audiens
1523 613 1640 687 pando,
1655 614 1698 672 ltu
1713 630 1904 689 pacemsaana
1964 677 1970 692 ,

242 705 383 779 angustiis,
398 704 425 761 in
433 704 676 776 persecutionibus,
687 705 714 761 in
723 705 867 779 refrigeriis
877 706 919 780 (Ξ)
929 724 936 776 ;
947 717 1043 765 neuter
1095 707 1194 775 mittit;
1209 706 1255 763 uhi
1268 706 1333 775 dno,
1345 706 1382 764 ibi
1395 716 1423 765 et
1434 707 1509 780 ipser
1526 707 1571 765 ubl
1585 717 1611 765 et
1626 707 1695 780 ipse,
1710 709 1747 766 ihi
1760 719 1790 768 et
1808 711 1903 768 malus

241 800 356 856 alterum
369 797 451 868 oelat,
463 806 558 855 neuter
567 799 682 856 alterurn
693 798 967 867 ritat,·nauteralteri
978 814 1042 872 pra·
1095 808 1213 858 nonest.
1228 800 1293 858 llaec
1304 808 1368 858 sant
1381 816 1442 873 quae
1456 801 1578 873 Apostoli
1598 814 1652 858 rax
1671 801 1714 859 illa
1728 803 1779 860 suh
1801 803 1899 861 breri-

242 891 285 946 ris
297 899 356 957 ast;
370 888 454 947 libere
472 904 544 962 aper
558 889 698 957 uisitator,
718 889 842 963 indigens
858 899 1041 960 sustentatur;
1095 899 1152 951 tate
1167 891 1208 966 (ὅ)
1222 891 1395 966 intelligenda
1409 892 1487 950 nahts
1499 891 1627 966 reliquit3
1639 892 1696 951 hae
1706 893 1755 951 u'hi
1765 909 1896 968 surpere,

240 983 421 1056 eleemosynae
436 983 494 1039 sine
516 983 715 1051 tormentata),
734 980 866 1038 saarilleia
884 983 943 1040 sine
963 996 1052 1040 scra-¹
1094 985 1118 1041 si
1127 983 1353 1056 opaslaerit5his
1365 991 1394 1042 te
1406 986 1442 1042 ah
1453 984 1585 1057 exemplis
1593 984 1759 1057 onerandam
1770 986 1893 1045 mdeste.

239 1074 305 1146 palo
314 1072 365 1147 (a),
380 1073 534 1146 quotidiana
548 1072 686 1145 diligentia
700 1072 759 1129 sine
777 1072 971 1145 impedimento
984 1072 1041 1147 (e);
1094 1077 1153 1135 lion
1166 1077 1230 1136 licet
1239 1078 1320 1136 aliter
1332 1077 1457 1137 fidelihus
1469 1078 1632 1155 nubereldl,
1646 1080 1710 1140 etsi
1721 1078 1820 1151 liceret,
1834 1097 1891 1140 non

240 1181 295 1224 uon
309 1164 407 1224 lurtim
418 1164 541 1239 signatio,
558 1175 611 1222 aori
622 1164 724 1236 trepida
738 1165 889 1236 gratulatio,
904 1181 957 1223 non
968 1176 1041 1224 muta
1094 1168 1234 1239 expediret
1245 1169 1299 1242 (l).
1683 1195 1687 1203 ¹

832 1279 1024 1339 auctiones
1044 1281 1251 1342 trutannus.

267 1399 306 1465 (l)
324 1399 368 1451 lta
389 1396 467 1465 atim·
488 1394 533 1449 alii
549 1408 558 1448 .·
577 1396 619 1449 alt.
641 1395 773 1460 docentes,
785 1395 828 1448 alt.
850 1396 987 1448 hortantes.
1011 1395 1040 1448 ln
1091 1398 1132 1450 hio
1140 1396 1197 1481 Dei,
1209 1411 1261 1465 par.
1270 1400 1297 1451 tn
1308 1411 1375 1475 ang,
1388 1398 1513 1466 tarelrlp.

237 1461 316 1590 Quill
327 1468 436 1589 {gemla
446 1518 552 1588 llipaltia
562 1519 604 1574 alii
614 1534 623 1574 :
633 1519 736 1574 laliaci.
745 1519 794 1573 Dei
805 1520 907 1585 pariter,
917 1521 1042 1573 iaaonaa·
1123 1461 1406 1590 (tvllrlffllgmrs
1415 1540 1422 1577 ι
1432 1537 1481 1578 non
1493 1525 1605 1591 expedit

925 1624 1205 1688 COMMENTARIUS.

236 1745 342 1821 §doniis
358 1745 442 1811 aridi,
455 1745 482 1800 in
502 1758 577 1800 saeco
608 1751 632 1797 rt
656 1742 743 1798 maere
765 1740 918 1808 uoluuntur,
938 1740 1038 1796 inuidia
1089 1742 1340 1884 scrupuloabspue
1352 1744 1515 1814 suspicione.
1531 1744 1591 1803 llio.

238 1818 332 1875 calum
357 1817 495 1873 tundimus.
509 1815 571 1899 Rae.
805 1882 811 1895 ‚
840 1883 846 1896 ι
986 1883 992 1895 .
1103 1814 1154 1894 ‘lc
1186 1814 1404 1898 Quaddianadili
1422 1817 1557 1873 entissime
1570 1815 1760 1888 impedimento.
1775 1814 1896 1888 Dilipen·

274 1888 315 1973 (a)
333 1886 510 2010 Eleemargna
530 1901 585 1942 sane
598 1883 914 1968 taratantasshrrstranae¹
927 1891 1038 1965 maritus
1091 1894 1155 1940 tram
1168 1885 1248 1951 dicat,
1265 1902 1347 1957 arram
1360 1889 1386 1943 in
1399 1835 1477 1959 xpel.
1492 1886 1721 1958 Dilipentrssimom
1741 1887 1899 1960 relipiosita-

237 1959 373 2026 ellanrcas,
389 1959 434 2014 ali
467 1956 554 2012 esnis
569 1956 649 2012 rehns
661 1954 761 2025 alrnrnd
786 1953 881 2009 abesse
893 1952 944 2008 salu
959 1963 1037 2010 nota·
1091 1964 1155 2021 tem,
1171 1956 1223 2013 hae
1242 1967 1283 2014 est
1294 1999 1302 2023 ,
1314 1958 1433 2015 sedulam
1459 1967 1487 2015 et
1508 1960 1650 2015 sollicitam
1675 1956 1828 2030 disciplinae
1843 1974 1895 2018 serr

237 2039 335 2094 rarat,
350 2029 385 2084 ala
413 2041 497 2084 rixare
520 2027 624 2083 lartcan
639 2028 665 2083 in
678 2025 778 2082 Christi
791 2038 924 2096 pauperes
934 2022 1036 2080 deliba·
1091 2027 1228 2097 religionis
1240 2029 1448 2085 observantiam.
1459 2030 1504 2086 Sic
1517 2030 1565 2085 lib.
1581 2028 1897 2102 normanniam.

195 2106 200 2122 ¹
238 2109 315 2168 tam,
338 2100 497 2184 plenamque
522 2096 590 2155 adeo
612 2098 753 2162 seruiebat,
774 2104 805 2152 at
829 2108 930 2179 serras·
946 2095 1038 2152 uxoris
1093 2095 1143 2154 liti
1157 2108 1237 2183 nutus
1250 2099 1380 2168 induam,
1395 2101 1431 2156 iti
1451 2102 1561 2174 pronitas
1581 2103 1705 2170 lranesm,
1718 2109 1742 2156 et
1762 2101 1899 2172 attipmria

238 2169 659 2325 {lergmeoslytssbgirrlgttlrtrtaecxae
674 2167 760 2297 *affluo
790 2165 951 2322 emnam:
975 2176 1038 2223 mne
1053 2162 1078 2224 B
1091 2170 1353 2311 mldllwllglrcallffr·
1375 2242 1433 2299 lieet
1454 2241 1572 2311 fidelihus
1591 2242 1699 2307 nudare,
1711 2258 1763 2298 non
1783 2244 1896 2314 expedit.

276 2310 318 2385 (h)
338 2309 685 2393 Soempmasmescrapula.
708 2309 759 2365 llis
775 2318 835 2365 erat
857 2316 985 2365 atellam
1008 2308 1043 2365 de
1094 2309 1198 2368 Canon.
1211 2328 1236 2367 rt
1251 2312 1362 2375 Consilii
1385 2313 1552 2370 Arelatensis
1571 2311 1581 2369 Ι
1598 2332 1606 2369 z
1622 2312 1663 2369 De
1676 2313 1897 2383 puellispdrliias

239 2384 397 2441 melioribus
421 2382 537 2438 ethnicis
561 2383 675 2438 marltns
695 2380 836 2453 conjugem
868 2379 1042 2437 christianam
1094 2397 1153 2455 qua
1165 2384 1303 2455 pensilibus
1312 2384 1468 2455 inopinatae,
1481 2384 1618 2453 placuitut
1636 2383 1769 2450 alienanto
1783 2394 1897 2453 tempore

239 2454 276 2511 ad
289 2453 420 2510 sacrillcia
453 2451 598 2508 christiana
626 2451 776 2508 dimitteret
795 2450 899 2522 absque
922 2451 1041 2522 gemitu,
1094 2456 1302 2511 aeammunione
1321 2467 1481 2525 separentur.
1495 2455 1529 2510 lit
1542 2456 1636 2511 Canon
1660 2470 1695 2511 rr
1706 2452 1790 2512 Cone.
1805 2455 1898 2511 Elilnn·

240 2525 344 2597 absarro
357 2538 405 2581 sua
425 2524 596 2594 suspicione,
618 2522 720 2592 absone
733 2521 870 2593 scrupulo,
885 2520 920 2576 ala
942 2520 1043 2593 flagitia
1094 2523 1159 2592 rini,
1183 2521 1294 2594 Propter
1315 2527 1416 2597 comam
1437 2527 1581 2598 puellarum
1593 2526 1726 2597 gentilitus
1750 2527 1853 2581 ruminae
1866 2529 1895 2581 in

240 2593 289 2651 illa
314 2593 448 2652 horrenda
466 2607 527 2664 qnae
541 2592 575 2648 de
587 2592 801 2650 christianornm
815 2591 930 2648 coetihus
942 2592 1043 2648 ethnici
1096 2596 1288 2651 matrimonium
1300 2597 1459 2654 deriderunt
1472 2598 1581 2669 nirpines
1590 2598 1743 2663 christiana,
1753 2606 1854 2652 matus
1865 2599 1893 2651 in

241 2665 484 2740 calumniosissime
506 2662 677 2720 differebant.
703 2664 749 2720 stc
763 2677 823 2734 sup.
852 2662 916 2730 Quia
936 2662 1044 2731 denique
1096 2663 1162 2736 plara
1182 2675 1297 2732 tuorem,
1313 2669 1341 2723 in
1366 2668 1492 2724 adrrlteria
1510 2669 1604 2723 anima
1624 2669 1770 2724 resoluatur.
1785 2666 1894 2723 hdnltc·

240 2736 396 2793 solemnibus
405 2736 515 2792 Pascha
524 2735 700 2791 abnoctantem
710 2732 970 2794 securassnsrinediti
981 2733 1045 2803 Quis
1096 2737 1166 2793 riom
1186 2740 1283 2794 animm
1297 2740 1378 2806 dicit,
1389 2739 1425 2795 de
1438 2753 1522 2795 arare
1544 2738 1690 2796 christiana
1707 2753 1767 2805 nne
1786 2752 1848 2793 suas
1866 2748 1895 2794 ct

241 2809 278 2863 ad
292 2809 435 2864 anomalam
450 2807 516 2862 illati
529 2807 700 2869 domitricem.
722 2807 791 2878 dtttl
817 2807 967 2877 inlautum,
991 2804 1046 2859 sine
1098 2808 1204 2864 hortatu
1223 2810 1311 2865 mariti
1326 2811 1425 2867 ethnici
1438 2810 1513 2881 quasi
1527 2809 1661 2868 lenocinio
1674 2809 1785 2881 pellecta
1797 2809 1888 2864 diror-

242 2894 291 2934 sua
303 2879 449 2962 mspieione
461 2878 564 2932 dimittis
575 2878 589 2932 i
602 2879 636 2934 ht
648 2891 709 2932 cum
719 2877 799 2931 amba
811 2876 950 2931 elrristinni
961 2917 969 2937 ,
982 2883 1047 2931 tunc
1099 2878 1131 2935 tit
1146 2894 1161 2934 a
1177 2879 1284 2937 christo
1298 2882 1331 2936 ml
1346 2882 1482 2938 satanam.
1497 2880 1557 2939 hnc.

244 2950 324 3007 alteri
338 2950 452 3006 lrherum
465 2948 596 3005 sacrificia
620 2947 791 3020 irequentare
811 2947 913 3018 shsqrm
937 2946 1048 3002 alterius

465 3400 592 3538 DE
622 3395 937 3538 CULTU
973 3393 1596 3534 FOEMINARUM
1629 3379 1677 3463 ‘⁰’

751 3608 993 3724 asnaa
1030 3604 1360 3719 parmas.

836 3801 1170 3883 ,amm

243 3959 444 4017 deauramus.
458 3982 495 3999 -
507 3952 573 4011 Cum
594 3951 734 4010 saaluimd
755 3949 876 4007 aduersus
889 3925 1083 4004 ChristianosC
1100 3947 1166 4006 Tum
1179 3949 1207 4005 in
1221 3947 1354 4021 posteriori
1364 3947 1430 4004 liora
1440 3947 1534 4002 mriter
1542 3943 1631 4002 asserit
1642 3943 1771 4007 mulieres,
1782 3950 1901 3997 ornatum

278 4049 410 4110 Cauarum
434 4047 517 4105 edicta
537 4054 645 4102 martem
659 4045 711 4101 illis
733 4042 845 4117 quotidie
859 4039 1044 4112 impendentem

280 4141 468 4209 minitarentur,
493 4137 668 4196 Tertullianus
680 4135 715 4193 ad
729 4133 926 4193 montanismum
936 4132 991 4201 iam
1004 4131 1044 4186 in·

280 4234 389 4300 clinans,
403 4241 430 4288 ut
442 4233 595 4289 christianas
605 4233 681 4288 etiam
693 4230 821 4294 mulieres,
835 4242 892 4300 pua
901 4223 1006 4298 pensiles
1017 4224 1044 4277 in

281 4324 479 4396 eultuearparis
504 4331 528 4380 et
543 4324 607 4382 lanu
629 4323 725 4379 ianitori
748 4336 800 4377 non
822 4319 984 4383 uariantur,
1009 4315 1044 4372 od

279 4417 433 4490 marlpriam
457 4417 607 4489 expeditius
632 4420 807 4487 praepararet,
823 4411 888 4467 daos
913 4411 991 4466 tidros
1012 4409 1046 4465 de

281 4508 355 4566 calta
381 4506 554 4566 laminarum
573 4507 739 4576 eamaripait,
759 4505 787 4559 in
811 4503 902 4573 auidus
936 4499 1045 4556 ostendit

280 4614 309 4656 se
320 4615 415 4672 eorpus
426 4594 522 4667 calme,
537 4598 605 4671 quod
618 4596 734 4653 omnihus
745 4595 879 4651 emanantis
888 4609 935 4664 pro
944 4591 1045 4650 Christo

281 4692 410 4764 porditum
420 4692 483 4748 uelle
494 4691 611 4748 deleant.
630 4688 706 4746 llnda
719 4687 839 4743 onmium
847 4686 875 4742 in
888 4685 941 4742 illis
950 4683 1042 4740 mulie·

279 4784 319 4840 iri
328 4783 425 4841 munda
434 4782 570 4854 repudium
580 4781 677 4839 mulir.

245 4874 382 4932 Nonnulla
405 4875 527 4947 praelatus
546 4873 667 4943 delapsu
689 4872 716 4926 in
740 4867 797 4926 Euo
817 4867 974 4935 mulierum,
997 4866 1041 4921 in·
1111 4877 1113 4881 ·

279 4969 361 5040 depae
392 4984 492 5025 suornm
521 4967 586 5039 ipsis
610 4964 770 5021 irreaurlenta
800 4962 960 5031 humilitate,
987 4961 1045 5016 oul-

278 5070 334 5117 tum
347 5059 496 5117 mulcham
509 5056 619 5115 ostendit
629 5074 646 5114 a
657 5055 773 5113 damone
782 5054 956 5122 ramulum,
968 5050 1043 5109 uani·

1132 4052 1258 4110 amantes,
1274 4041 1359 4097 odim
1377 4041 1538 4104 castitatemr
1559 4055 1606 4095 nea
1627 4038 1709 4092 αὶὶιιιι
1729 4034 1839 4090 αηιὶίιιιι
1851 4031 1901 4088 Dei

1132 4133 1221 4190 decere
1233 4135 1340 4202 emtum,
1351 4141 1443 4204 prater
1455 4131 1597 4202 simplicem
1606 4127 1859 4196 munditiern5neaue
1872 4126 1900 4180 in

1133 4242 1210 4282 earne
1220 4226 1395 4298 plantandum,
1405 4224 1456 4281 nisi
1468 4239 1527 4280 eam
1540 4231 1644 4294 propter
1657 4220 1786 4276 Christum
1799 4216 1899 4273 lacera·

1134 4331 1186 4389 tur,
1198 4321 1303 4376 omnino
1317 4318 1419 4375 demum
1431 4322 1488 4391 pare
1499 4315 1616 4373 piandos
1636 4317 1708 4385 lucos
1720 4321 1744 4368 el
1758 4311 1899 4382 piamenta,

1132 4413 1335 4485 capillorumque
1355 4411 1515 4466 calamistros
1534 4417 1558 4465 et
1576 4404 1729 4478 collyridas,
1741 4402 1844 4474 lapillos
1857 4416 1901 4455 ne-

1133 4506 1210 4561 stium
1221 4521 1253 4560 ae
1265 4504 1407 4576 aariepatas
1428 4502 1537 4568 micres,
1553 4516 1584 4554 ne
1596 4498 1697 4572 spatha
1710 4496 1793 4552 allum
1815 4495 1902 4550 muna

1133 4600 1175 4655 det
1195 4613 1289 4671 eorpus
1310 4593 1783 4669 marparitarum,·smampdorutnpse
1801 4587 1901 4660 manus

1133 4697 1295 4761 oeaupotum.

1472 4780 1541 4838 Ena.
1557 4794 1593 4836 aa
1613 4777 1645 4835 lt.
1667 4777 1809 4837 Souna.

1360 4936 1474 4998 CAPUT
1493 4935 1638 4995 Pillllllll.

1131 5055 1159 5117 Si
1176 5064 1247 5114 tanta
1264 5055 1384 5115 interris
1402 5063 1553 5112 moraretur
1572 5052 1657 5121 tides,
1671 5057 1771 5124 quanta
1796 5061 1901 5106 merces

244 5185 247 5194 ’
282 5164 408 5227 ’ΜΝ
434 5153 552 5210 dactili
576 5152 649 5220 illl,
674 5150 773 5225 “timii
794 5161 1002 5223 deplumata
1018 5146 1046 5202 t’o
1095 5144 1901 5223 ejrrsexspeetatnrincoelis,nullaomninorestrumsoro-

282 5249 392 5307 uestilur
405 5248 576 5306 rutilantium.

1056 5255 1085 5317 1)
1099 5258 1145 5302 res
1154 5243 1347 5312 dilectissimas,
1358 5257 1391 5300 ex
1406 5255 1461 5314 quo
1473 5241 1558 5298 mam
1570 5238 1665 5295 vinnm
1678 5236 1902 5309 cognovissemus

932 5378 1214 5438 mademarius.

247 5528 298 5656 ..l

299 5527 326 5601 a)
346 5526 386 5584 Du
409 5527 480 5582 cultu
495 5525 668 5600 sentinarum.
684 5501 819 5580 llaetenus
835 5519 968 5579 editiones
978 5519 1048 5577 Tar·
1099 5520 1199 5592 prioris
1213 5519 1274 5577 libri
1290 5529 1367 5594 parte
1380 5529 1484 5579 tantam
1509 5518 1630 5586 dimidia,
1647 5518 1782 5591 posterior
1794 5519 1900 5588 tntoper

300 5600 374 5668 iani,
392 5597 491 5654 librum
506 5598 585 5654 nohis
598 5610 681 5653 unum
694 5594 729 5651 de
746 5593 844 5651 Habitu
859 5592 994 5658 muliebri,
1006 5591 1047 5648 al·
1098 5595 1138 5649 sic
1150 5592 1307 5660 absoluitnr,
1328 5592 1368 5650 De
1390 5595 1462 5650 cultu
1477 5594 1642 5667 laminarum
1665 5590 1709 5647 tit.
1723 5589 1756 5657 tt,
1782 5589 1898 5660 aphris.

243 5679 333 5729 torum
344 5669 466 5728 decultn
475 5667 645 5727 laminarum
656 5665 829 5724 erhihchant.
839 5665 894 5722 llos
903 5674 1047 5736 atrumque
1097 5662 1176 5723 llnde
1198 5662 1369 5722 manifestum
1389 5663 1420 5721 dt
1437 5664 1489 5722 sah
1505 5663 1601 5720 eadem
1626 5662 1703 5728 titulo
1727 5658 1899 5731 praesume

243 5740 284 5796 lle
292 5741 368 5798 Culta
381 5740 543 5813 penninarum
551 5738 753 5810 inscripsimus,
763 5734 939 5793 vetustissimi
951 5749 1045 5793 esem·
1097 5737 1223 5806 primam.
1238 5734 1326 5807 htqne
1346 5736 1373 5792 in
1386 5736 1481 5792 libror.
1503 5733 1626 5807 montagu
1645 5733 1685 5791 sie
1707 5731 1788 5792 autho
1810 5730 1897 5789 etun-

244 5810 328 5883 plaris
339 5810 504 5882 anchardini
518 5811 704 5868 auctoritatem
714 5807 811 5878 secuti,
832 5809 859 5865 ln
872 5821 926 5879 quo
937 5816 1044 5865 serrata
1095 5817 1140 5863 tar
1153 5823 1161 5867 ι
1176 5805 1293 5864 llemltu
1308 5807 1480 5881 laminarum.
1495 5805 1556 5864 ltro.
