4242 6259
312 317 367 376 583
851 305 878 331 ⁴*

1025 303 1257 367 reerbntllttr
1737 306 1751 343 l

1913 284 1972 369 m.

314 435 358 491 tiae
372 430 504 505 eiusmodi
516 428 647 488 scelerum
662 425 878 484 delitescentium
895 425 921 481 in
934 424 1022 482 robis.
1037 422 1109 479 Nihil
1122 425 1149 485 Α
1163 404 1213 492 tis,
1229 422 1300 495 quod
1315 435 1403 496 neque
1413 422 1519 496 gladios
1535 438 1623 497 nequo
1642 437 1737 483 cruces
1752 439 1842 500 neque
1860 426 1963 486 bestias

314 523 496 583 acmeierenit
519 523 546 576 in
570 520 651 576 rebus
670 519 807 585 humanis,
837 518 921 574 semel
949 517 1027 587 plane
1051 515 1110 571 crui

314 628 412 692 potest.
424 619 463 674 lle
472 612 649 670 sacramentis
662 622 762 667 nostrae
771 609 908 682 religionis
919 608 1109 680 opinorinleo-

314 713 386 777 laris,
401 720 429 769 el
441 720 504 765 sunl
519 708 591 780 qnarln
607 706 705 763 restris
717 705 797 762 etiam
813 720 866 760 riou
881 703 1067 760 sacramentis.

349 849 394 907 ll.
409 847 447 904 lle
459 844 767 904 obstinationibus-reno
781 841 823 899 vcl
839 837 1109 912 praesumptionibus,

314 940 337 997 si
351 955 403 1011 qua
422 938 591 1010 proponitis,
609 952 642 994 nc
655 938 714 991 istas
726 936 834 1007 quidem
848 933 881 989 ad
895 932 1111 989 mutantuuionem

317 1031 526 1103 comparationis
547 1030 680 1085 absistunt
703 1025 864 1101 (a).‚ronn
886 1023 1031 1081 obstinatio
1049 1031 1111 1090 cst,

314 1140 375 1196 quiae
398 1123 515 1179 secunda
538 1120 628 1177 abeis
648 1119 742 1192 religio
761 1117 933 1174 constituitur
953 1115 1112 1171 macariana

315 1217 475 1290 malestatis,
490 1216 560 1287 quod
575 1214 716 1286 irreligiosi
729 1212 889 1268 dicamur'in
903 1209 1040 1277 Casarcs,
1057 1225 1113 1266 ne-

315 1324 368 1383 que
383 1310 511 1381 inmagines
523 1324 617 1366 eornm
633 1305 843 1378 repropitiando,
861 1321 946 1377 neque
958 1303 1052 1375 genios
1065 1303 1114 1358 de·

312 1404 426 1476 jerando
442 1406 531 1460 inustos
545 1402 634 1473 populi
650 1414 844 1470 uttnonpamur.
859 1397 898 1453 lta
913 1412 978 1453 veru
992 1396 1038 1465 sit,
1052 1410 1113 1450 carna

315 1512 350 1555 ex
364 1499 440 1555 rubis
455 1496 607 1553 nationibus
621 1492 742 1565 qnotidie
755 1491 886 1558 (laesores,
901 1498 927 1545 cl
944 1487 1072 1553 Parthici,
1088 1496 1114 1542 cl

315 1590 421 1658 liedici,
433 1599 461 1646 el
472 1588 636 1647 Germanici.
652 1586 708 1641 iloc
723 1585 783 1640 loco
796 1582 914 1638 Romana
927 1594 994 1653 gens
1006 1580 1113 1648 viderit,

315 1684 344 1742 io
359 1680 604 1756 quibusindnmitae
618 1688 645 1734 et
657 1688 791 1734 extraneae
807 1675 938 1731 nationes.
956 1673 1009 1730 los
1024 1680 1114 1728 tamon

316 1775 351 1831 de
363 1775 462 1831 nostris
475 1772 603 1827 adversus
625 1780 732 1825 nostros
750 1766 920 1838 conspiratis.
937 1765 1115 1836 Agrioscirnns

316 1883 382 1926 sane
413 1880 551 1923 romanam
582 1864 609 1919 in
637 1861 757 1920 cesares
784 1861 801 1916 tr

317 1961 466 2035 conjtrratio
479 1958 579 2030 crupil,
592 1956 679 2013 nullus
692 1955 718 2011 iu
734 1963 827 2010 senatu
839 1952 880 2011 vel
894 1950 921 2007 in
937 1951 1041 2023 palatiis
1052 1950 1119 2021 ipsis

316 2055 426 2127 sanguis
444 2053 485 2126 (l)
503 2051 619 2108 Caesaris
632 2060 724 2105 nelarn
741 2048 798 2103 trit
811 2047 866 2120 (l);
881 2045 953 2101 uuila
968 2046 995 2099 iu
1009 2046 1118 2115 provin·

316 2147 365 2204 ciis
380 2145 502 2201 allectata
516 2143 652 2212 majestas.
668 2140 762 2196 Adbuc
778 2138 863 2212 Syriae
878 2136 1037 2194 cadaverum
1051 2135 1118 2211 odo·¹

316 2237 390 2294 ribus
403 2238 519 2305 spirant:
535 2233 622 2290 adbuc
633 2232 726 2290 Gallina
736 2231 874 2309 'erodano
887 2244 937 2286 sno
950 2244 1003 2286 non
1015 2229 1115 2285 laranl.

317 2318 378 2387 Sed*
387 2329 481 2383 omitto
494 2326 611 2384 vesanire
623 2326 745 2390 erimina,
763 2325 824 2396 quia
839 2337 890 2379 nec
902 2323 952 2377 isla
966 2321 1117 2378 Romanum

315 2435 414 2477 nourren
428 2419 583 2480 admittent.
598 2416 730 2472 laruilntis
741 2414 883 2485 sacrilegia
898 2416 1076 2480 conveniam,
1090 2421 1118 2467 et

316 2512 401 2584 ipsius
416 2510 565 2567 vernaculae
580 2511 668 2581 geutia
683 2509 889 2565 irreverentiam
906 2520 1116 2578 recognoscam,

316 2617 346 2663 ct
366 2605 476 2662 lestiros
496 2604 621 2670 libellos,
637 2617 705 2675 quros
726 2611 822 2658 statuae
846 2601 933 2657 sciunt
952 2600 1006 2673 (c),
1022 2608 1050 2655 et
1073 2597 1118 2654 illa

315 2699 424 2770 obliqua
438 2712 628 2770 unrnmuqnam
638 2695 708 2752 dicta
722 2694 862 2751 aconacllio
872 2704 952 2767 atque
961 2691 1112 2757 maledicta,

315 2807 375 2863 qum
397 2789 461 2847 circi
476 2798 582 2846 suriant.
596 2788 624 2842 Si
640 2778 699 2843 nun
709 2788 807 2856 armis,
823 2788 917 2842 saitem
931 2784 1021 2856 lingua
1042 2799 1114 2840 sem·

316 2899 368 2955 per
382 2883 497 2939 rebelles
509 2882 584 2938 estis.
597 2880 650 2938 Sed
663 2879 748 2947 aliud,
762 2879 870 2951 opinor,
883 2886 937 2947 est,
953 2893 1005 2933 uon
1021 2876 1114 2949 jurare

316 2992 365 3050 per
376 2978 482 3048 genium
491 2974 616 3032 Caesaris.
637 2974 778 3030 burbitatur
788 2975 860 3029 euim
872 2972 1028 3044 deperJnris
1038 2972 1111 3043 jure,

315 3085 377 3126 curn
399 3085 433 3126 ne
457 3084 504 3141 pcr
527 3068 593 3124 deos
614 3067 839 3138 quidemreslros
852 3082 886 3122 cx
907 3064 960 3121 tlte
975 3065 1112 3136 deieceris.

315 3161 369 3220 Sed
381 3179 432 3219 uon
443 3162 557 3219 dicimus
567 3161 646 3218 deum
658 3160 847 3232 imperatorem
857 3178 864 3225 ;
875 3175 956 3232 snper
967 3160 1019 3217 boc
1029 3160 1113 3230 enim,
1127 3154 1150 3219 C

315 3256 387 3328 qrrud
401 3256 480 3328 rulgo
492 3255 576 3321 aiunt,
592 3269 704 3312 sannam
719 3250 893 3327 lecimus(rl).

1162 526 1285 586 vestras,
1301 533 1355 574 non
1372 518 1478 590 ignem,
1494 536 1547 576 non
1562 529 1713 588 tormenta,
1727 521 1763 577 ob
1774 520 1918 578 duritatem
1933 534 1965 578 ae

1162 619 1346 683 contemptum
1365 613 1475 681 mortis,
1488 613 1579 669 animo
1592 626 1758 670 recusemus.
1775 615 1811 669 tlt
1822 613 1894 669 enirn
1908 612 1964 670 llaec

1163 705 1252 762 omnia
1264 704 1334 777 apud
1351 707 1454 776 priores
1466 706 1636 778 majoresque
1648 716 1753 762 uestros
1763 719 1817 763 nou
1827 706 1964 763 contemni

1164 801 1255 866 modo,
1270 800 1411 857 sedetiam
1423 788 1518 873 magna
1531 800 1610 857 laude
1622 801 1730 872 pensari
1745 815 1777 857 ae
1791 801 1887 857 uirtolc
1896 799 1967 857 didi·
2049 780 2056 789 ’

1164 905 1269 954 cerunt.
1289 894 1402 951 Gladius
1424 906 1490 966 quot
1512 905 1541 951 el
1560 901 1677 965 quantos
1692 894 1764 950 viros
1779 892 1964 950 voluntarios!

1165 992 1237 1063 piget
1260 990 1399 1062 prosequi.
1424 989 1519 1046 Crucis
1546 1003 1612 1045 vcro
1635 989 1779 1045 novitatem
1811 1001 1966 1044 numerosae

1164 1084 1296 1140 amorosa
1316 1082 1437 1154 Regulus
1457 1090 1546 1138 reslcr
1566 1080 1681 1137 libenter
1701 1079 1842 1137 dedicarit.
1862 1077 1968 1150 Regina

1165 1175 1275 1249 AEgypti
1290 1176 1384 1233 bestiis
1397 1175 1454 1232 suis
1468 1190 1516 1231 osa
1530 1185 1581 1232 est.
1595 1172 1674 1246 ignes
1695 1182 1757 1246 post
1770 1172 1968 1243 Carthaginen-

1166 1285 1224 1327 scm
1250 1268 1375 1326 leoninam
1399 1267 1549 1325 Asdrubale
1570 1267 1668 1324 marito
1688 1266 1717 1322 in
1732 1263 1862 1322 extremis
1877 1263 1969 1335 palriae

1167 1363 1376 1421 constantiorem
1394 1360 1523 1445 decuteret
1544 1358 1670 1437 invadere
1687 1357 1846 1441 llfflildl'·
1867 1355 1921 1414 Sed
1941 1366 1969 1414 et

1166 1462 1300 1511 tormenta
1315 1452 1413 1509 mulier
1426 1438 1514 1508 Attica
1528 1442 1647 1523 iabgnvit
1662 1459 1777 1522 tyranno
1791 1462 1901 1521 rimans,
1919 1459 1970 1519 po-

1166 1555 1285 1613 stremo,
1297 1560 1331 1602 ne
1353 1543 1462 1601 eederet
1475 1557 1575 1614 cerpus
1591 1552 1620 1600 cl
1639 1556 1742 1609 serus,
1757 1540 1874 1611 lingnam
1890 1553 1968 1596 suam

1166 1647 1269 1709 pastam
1287 1637 1413 1709 exspuit,
1430 1634 1672 1691 tutumoradicatae
1685 1631 1866 1690 euntesslnnis
1887 1632 1970 1688 miul-

1167 1731 1289 1786 slerinm.
1311 1728 1364 1785 Sed
1388 1729 1487 1784 restris
1515 1728 1566 1782 isla
1589 1724 1622 1781 ad
1644 1723 1777 1798 gloriam,
1805 1722 1905 1780 nostrie
1934 1721 1969 1779 ad

803 1860 875 1916 gem·
901 1858 978 1916 Nulla
1001 1873 1117 1930 „nquam
1132 1842 1157 1903 B
1170 1821 1295 1879 duritiam
1308 1821 1451 1892 deputatis.
1463 1820 1598 1877 beslrnitc
1612 1834 1683 1875 nnnc
1697 1818 1809 1892 gloriam
1822 1816 1967 1888 majorem,

1171 1931 1225 1987 qno
1237 1930 1288 1972 nos
1298 1928 1407 1986 quoque
1417 1913 1573 1970 destruatis.
1586 1910 1713 1968 Contenti
1728 1919 1816 1967 estete
1826 1907 1969 1966 detrahere

1170 2008 1251 2066 etiam
1272 2007 1345 2063 laudi
1361 2018 1501 2078 parentum
1514 2005 1548 2062 ad
1564 2019 1704 2075 presens,
1726 2019 1761 2061 ne
1781 2002 1859 2060 nobis
1880 2003 1968 2059 locam

1169 2100 1249 2157 detis.
1263 2099 1300 2156 be
1320 2099 1361 2155 bis
1376 2099 1486 2156 iorsilau
1499 2108 1527 2153 et
1539 2107 1688 2168 temporum
1702 2096 1819 2168 qualitas
1832 2093 1970 2152 robustio-

1169 2192 1207 2248 ris
1229 2190 1395 2262 antiquitatis
1420 2192 1540 2262 exegerit
1564 2190 1670 2262 ingenia
1695 2190 1826 2255 duriora,
1842 2199 1870 2244 at
1897 2202 1969 2245 nuuc

1169 2282 1350 2355 tranquillitas
1366 2283 1439 2354 pacis
1458 2292 1486 2338 et
1504 2283 1609 2353 ingenia
1631 2282 1737 2337 utiliora
1757 2290 1785 2337 el
1799 2290 1903 2337 mentes
1918 2280 1969 2337 tro-

1169 2375 1271 2430 miunm
1284 2376 1364 2430 etiam
1377 2374 1405 2429 in
1422 2383 1566 2431 entratreos
1580 2371 1651 2442 (el...
1666 2371 1748 2444 Ergo,
1763 2371 1883 2441 inquitis,
1897 2379 1971 2427 rele-

1168 2469 1244 2525 ribns
1256 2483 1305 2525 rus
1320 2477 1493 2539 comparutc;
1508 2468 1585 2523 inullis
1598 2481 1707 2523 necesse
1721 2475 1762 2523 est
1775 2467 1802 2522 in
1815 2466 1893 2522 vobis
1905 2465 1969 2522 otlie

1170 2563 1295 2633 prosequi
1317 2561 1388 2633 qnod
1404 2576 1420 2615 u
1437 2562 1515 2616 nulus
1528 2576 1581 2616 nun
1595 2559 1811 2631 probatur,-qoia
1824 2564 1875 2615 nec
1889 2558 1970 2615 inre·

1169 2656 1242 2713 nitur
1253 2656 1280 2711 in
1294 2656 1381 2712 uobis.
1395 2654 1566 2724 Respondete
1580 2656 1660 2726 igilur
1672 2654 1706 2709 ad
1719 2654 1836 2725 singulas
1846 2652 1968 2724 speeies.

1166 2749 1224 2808 Non
1246 2750 1339 2807 cadem
1364 2765 1431 2807 voce
1454 2750 1577 2821 exenrpla
1601 2748 1729 2820 deposco.
1756 2747 1784 2802 Si
1809 2755 1969 2818 contemptu

1167 2846 1269 2901 scilieet
1283 2843 1378 2900 mortis
1392 2842 1496 2914 gladius
1508 2841 1542 2899 de
1555 2842 1702 2913 nlaioribus
1718 2840 1821 2896 fabulas
1831 2839 1904 2906 tecit,
1917 2839 1971 2895 oli·

1165 2951 1218 3007 quc
1233 2950 1285 2990 neu
1299 2934 1360 2989 vita:
1373 2948 1464 2990 amore
1479 2932 1569 3003 gladio
1581 2945 1629 2987 vos
1639 2932 1672 2986 ad
1684 2932 1795 2986 launistas
1807 2928 1964 2997 auctoratis,

1166 3027 1213 3084 sed
1233 3028 1327 3083 mortis
1341 3040 1438 3082 unomen
1459 3025 1561 3085 militiae
1573 3024 1643 3080 dalis
1661 3024 1713 3096 (s).
1728 3024 1757 3079 Si
1772 3023 1879 3080 iemiuce
1892 3022 1970 3078 alicui

1166 3119 1201 3176 dc
1224 3118 1317 3175 bestiis
1340 3116 1442 3174 famosa
1464 3132 1537 3173 mors
1560 3126 1619 3181 est,
1643 3115 1731 3172 medio
1754 3116 1874 3188 quotidie
1894 3114 1968 3187 pacis

1167 3220 1263 3282 sponte
1285 3211 1367 3267 libera
1388 3209 1422 3265 acl
1439 3208 1541 3266 bestias
1562 3208 1617 3264 itis.
1632 3206 1660 3263 Si
1673 3221 1781 3264 crrrcem
1795 3249 1803 3274 ,
1818 3205 1969 3277 conligendi

1167 3302 1289 3373 corporis
1308 3301 1478 3367 macbinam,
1495 3299 1585 3355 nullus
1607 3297 1695 3354 adbuc
1707 3313 1740 3354 er
1755 3298 1831 3354 tobis
1850 3295 1969 3370 Regulus

352 3392 397 3448 tlt.
413 3393 469 3448 iuno
489 3393 535 3462 qui
555 3391 636 3449 deum
657 3393 790 3449 Caesarem
804 3390 903 3459 dicitis,
921 3402 948 3449 et
967 3391 1114 3462 deridetis,
1168 3395 1281 3466 pepigit,
1295 3401 1414 3450 attamen
1425 3394 1481 3464 iarn
1497 3393 1567 3464 iguis
1581 3400 1752 3462 conlemptus
1764 3392 1850 3448 evasit
1863 3391 1918 3464 (ql,
1934 3394 1970 3449 ei

315 3482 430 3541 diceudo
441 3486 512 3556 quud
527 3498 580 3539 uon
594 3495 635 3539 est
647 3526 655 3552 ,
669 3493 697 3540 ct
711 3485 782 3541 male
794 3484 900 3551 dicitis,
912 3486 974 3556 qnia
989 3502 1043 3542 non
1059 3486 1116 3542 vult
1167 3503 1222 3560 qno
1236 3504 1266 3544 sc
1279 3487 1386 3557 qnidam
1402 3487 1524 3558 qururime
1537 3484 1703 3541 vestiendum
1717 3484 1860 3540 incendiali
1876 3483 1966 3541 trunica

315 3593 376 3634 esse
397 3578 468 3648 qnod
490 3577 594 3644 dicitis;
616 3578 717 3633 rnavull
737 3578 810 3635 enim
829 3580 937 3647 virere,
950 3595 1032 3650 quarn
1047 3580 1114 3635 deus
1167 3582 1201 3638 ad
1216 3590 1320 3638 cerlnm
1336 3594 1527 3652 usquequaque
1549 3579 1638 3635 locum
1654 3579 1811 3634 auctoravit.
1833 3577 1862 3633 Si
1877 3576 1967 3648 flagris

217 3740 219 3743 Ι
315 3669 386 3725 lieri.
399 3669 541 3741 Reliquum
557 3669 746 3727 obstinationis
764 3672 790 3726 in
804 3671 850 3726 iilo
863 3671 980 3743 cerritulo
993 3671 1111 3729 colloca·
1148 3712 1154 3719 -
1168 3675 1266 3732 molier
1280 3672 1438 3742 insultavit,
1455 3671 1507 3727 boc
1520 3686 1626 3745 quoque
1640 3672 1761 3741 proxime
1774 3671 1844 3727 inler
1856 3676 1968 3725 venale·

934 3783 1126 3848 Lecrtolles
1144 3789 1353 3848 VdelNTES.

346 3899 384 3967 (l)
402 3906 439 3953 ltn
449 3908 523 3962 aare
536 3902 592 3951 aad.
605 3899 794 3964 nta.sarrgnln'ts.

999 4006 1280 4069 COMMENTARIUS.

316 4123 482 4184 naliciarium
505 4137 557 4180 non
579 4137 640 4181 esse
659 4131 853 4187 mercatorem,
869 4120 916 4179 sed
931 4137 1089 4201 mangonem
1103 4141 1111 4191 ;
1199 4123 1239 4197 (c)
1260 4123 1329 4193 Quor
1344 4131 1435 4180 nature
1446 4124 1539 4181 eluant.
1555 4123 1660 4182 Adllxis
1678 4121 1902 4195 arrteppcnsisad
1914 4131 1972 4181 sta·

317 4212 378 4253 man
397 4212 462 4251 ones
470 4195 541 4252 euim
552 4196 660 4266 proprie
669 4211 722 4250 non
730 4193 856 4249 dicuntur
864 4202 1037 4259 mercatores,
1050 4197 1111 4265 quia
1166 4205 1226 4252 tuas
1241 4195 1355 4251 tabellis.
1373 4195 1441 4253 ltro.

319 4213 421 4322 terrain
435 4267 566 4393 mancipia
580 4282 634 4322 non
647 4275 710 4321 surrl
724 4265 749 4319 iu
767 4280 857 4322 merce
871 4265 1113 4336 discernunturqnc
1201 4268 1240 4339 (d)
1262 4267 1339 4334 Queri
1351 4267 1425 4340 uulgo
1447 4268 1534 4334 nitunt,
1547 4283 1654 4322 munem
1667 4268 1787 4339 pommus.
1798 4266 1887 4324 Saone
1899 4265 1971 4322 deri·

317 4354 446 4395 turerccsa
459 4355 524 4394 vena
538 4338 597 4393 ibus
607 4380 613 4402 ,
625 4347 651 4393 ct
667 4346 824 4393 ruerralnsa
836 4336 969 4393 renaiitiis
980 4338 1000 4394 i.
1013 4338 1033 4392 l.
1045 4336 1111 4393 Coei.
1164 4340 1249 4399 eiunis
1270 4338 1375 4407 species
1397 4351 1440 4394 est
1459 4354 1519 4409 quae
1532 4337 1613 4394 flebat
1626 4352 1674 4394 ore
1689 4339 1805 4394 distorto
1817 4338 1968 4406 vultuque,

317 4408 349 4464 tle
364 4408 455 4465 n'unu.
472 4420 495 4465 et
508 4418 613 4465 necrol.
629 4408 760 4477 Mancipia
773 4408 878 4464 vernalia
893 4423 946 4464 rrou
960 4409 1112 4465 reicrnutur
1165 4420 1210 4465 aul
1230 4420 1303 4465 ccrla
1327 4408 1472 4480 digitorum
1497 4424 1659 4465 manuumve
1678 4410 1908 4472 corrulormatloue,
1920 4415 1970 4461 ant

316 4480 349 4535 ad
366 4497 410 4537 res
429 4481 540 4538 mobiles
555 4480 662 4550 proprie
674 4521 682 4543 ,
694 4494 755 4534 narn
775 4480 839 4536 lieet
859 4496 903 4536 res
917 4480 1047 4535 vendatur
1059 4496 1112 4535 non
1165 4481 1246 4537 ductu
1261 4481 1391 4536 labiorum
1406 4481 1465 4536 sinc
1479 4481 1534 4535 ullo
1547 4481 1645 4545 verbu,
1658 4481 1750 4538 sanna
1765 4494 1851 4552 graece
1865 4487 1969 4546 praee,

318 4560 407 4608 tannen
427 4552 540 4608 truditur
560 4552 606 4623 qul
626 4551 749 4621 exceptio
762 4553 832 4618 apud
847 4551 1056 4608 iurisconsultus
1071 4568 1115 4607 au-
1166 4551 1308 4608 Rdbibitas
1322 4551 1404 4609 luisse
1426 4552 1485 4606 illas
1505 4551 1612 4607 Salonas
1623 4548 1651 4607 dt
1664 4551 1720 4606 oris
1741 4550 1917 4606 discursiones
1934 4548 1971 4604 ad

318 4622 424 4679 lerninis.
446 4622 543 4679 diercis
560 4632 649 4680 antem
664 4621 808 4693 appellatio
821 4622 855 4678 ad
875 4640 919 4677 res
938 4634 1040 4678 lartltrm
1056 4639 1114 4678 rno·
1166 4622 1376 4679 terrefaciendos
1389 4624 1527 4692 plorantes
1540 4637 1637 4693 pulcros
1653 4629 1727 4693 pan-t
1739 4638 1772 4678 cr
1787 4621 1906 4677 Arnolrio
1918 4619 1969 4675 lib.

318 4694 385 4751 biles
399 4697 514 4766 pertinet
528 4703 557 4750 nl
581 4694 694 4750 babetur
714 4693 744 4765 (l.
761 4692 806 4767 69.
821 4692 856 4748 D.
872 4694 904 4748 tle
923 4692 1115 4767 imbripoli.)
1167 4693 1200 4749 ll.
1217 4693 1303 4762 thue
1314 4694 1635 4750 adecuenrorleleartvtttil
1645 4694 1756 4748 liliatam
1766 4691 1973 4761 teorpcriscorde

1168 4765 1269 4835 [emunt
1291 4765 1560 4835 normannorumque
1592 4780 1731 4835 mutatque
1755 4765 1853 4819 nullm
1866 4803 1875 4828 ,
1887 4772 1915 4816 ut
1937 4761 1973 4815 ab

317 4764 357 4821 Le
375 4764 424 4821 Pu.

354 4881 394 4955 to
414 4882 456 4941 n.
476 4884 532 4941 roe
545 4884 906 4956 carolomanno
918 4883 1116 4955 evolando
1168 4835 1972 4962 llllllllltllllllllllllillmlutllltllultll:

318 4953 452 5039 “imni
467 4956 626 5039 mmmm?
641 4955 667 5010 5¹¹
680 4966 805 5038 imminu
816 4955 947 5038 ‘'idemq'‘
960 4960 981 5011 Α
993 4970 1114 5038 cim'fffl'
1167 4987 1296 5050 gereretur,
1311 4987 1334 5032 el
1348 4978 1439 5033 moniis
1453 4979 1465 5032 l
1481 4978 1557 5034 llu'de
1571 4977 1723 5033 sanniones
1745 4976 1809 5032 dieti
1821 4975 1945 5031 lretnirres
1963 5015 1973 5042 ,

318 5042 399 5152 ¹4¹⁰ssss
424 5037 631 5112 9⁰¹RR³m¹J⁰¹J¹⁸
643 5026 776 5082 ³b⁵¹⁵¹¹¹¹¹i
790 5046 795 5081 ³
809 5027 909 5109 Vllum
925 5035 961 5081 Μ
974 5040 1115 5125 θθῖψῗῐθῦθ
1167 5050 1241 5104 utullu
1256 5049 1340 5119 magis
1352 5064 1432 5119 quarn
1445 5038 1547 5105 lucetiis
1558 5059 1604 5104 ant
1616 5048 1736 5104 dicteriis
1748 5046 1864 5104 ridiculi.
1878 5044 1975 5101 Genus

341 5096 512 5180 erlnllrantnn
522 5107 658 5181 consterno,
674 5097 1035 5153 adcommunroueur.Elenrru
1045 5108 1116 5179 amat
1168 5122 1249 5177 egam
1263 5121 1360 5177 53⁰„ae
1374 5119 1510 5191 quoddam
1522 5129 1598 5186 mg,
1614 5118 1686 5191 qugd
1698 5119 1802 5175 ciconia
1816 5116 1974 5183 gqoeggqun

318 5168 502 5237 lrrquscemodr
513 5178 742 5238 composrltouea,
759 5168 960 5224 ddslutlendum
973 5211 979 5232 ,
990 5169 1116 5223 etmen-
1167 5207 1229 5248 wm
1246 5206 1342 5261 nempe
1354 5190 1466 5247 emmim
1489 5191 1587 5247 colpum
1612 5190 1736 5246 manibus
1760 5188 1922 5260 fingebam
1933 5186 1976 5245 ge

319 5238 409 5295 “cium
421 5239 658 5323 ’.fiiui'deael‘nfl
673 5238 722 5294 ¹¹³⁰
737 5240 816 5310 issimf
830 5241 881 5323 ²¹³3·
896 5255 931 5296 ¹¹⁰
943 5239 993 5295 ³⁵¹5*
1007 5237 1115 5310 ‘widem
1170 5262 1269 5318 Salluis
1280 5270 1308 5317 el
1322 5261 1502 5317 derisionibus
1524 5261 1594 5333 apud
1616 5262 1760 5333 plerosque
1778 5260 1861 5316 multa
1873 5257 1951 5328 legas
1965 5298 1975 5328 ,

317 5324 378 5380 quae
398 5311 530 5381 obpcrlrs,
543 5311 677 5366 absistunl
696 5310 947 5367 adr-otnmuntoncru
974 5324 1117 5393 conopara-
1169 5333 1240 5405 „pud
1256 5334 1377 5388 pompm„
1392 5333 1449 5389 521·
1468 5333 1544 5400 l,et
1559 5334 1586 5390 5·
1602 5332 1645 5388 gg
1661 5331 1717 5387 pq·

319 5388 408 5437 liunus.
423 5386 625 5466 lrnctcst,nou
654 5380 802 5465 impediunt
822 5398 875 5454 qno
890 5384 979 5438 minas
996 5390 1075 5436 sistat
1088 5395 1118 5435 se
1205 5404 1244 5474 (g)
1265 5403 1352 5458 gnam
1369 5405 1396 5458 g„
1416 5413 1558 5460 mmm
1585 5404 1682 5476 lgm„
1697 5376 1840 5475 Apologus,
1888 5397 1979 5459 (quq,

317 5452 506 5509 ²d⁰⁰¹n¹¹¹¹¹¹¹¹⁰
520 5462 737 5523 ⁰⁰¹¹¹P²¹³¹i¹⁰⁸¹⁸⁶
752 5451 821 5509 ΝΕ·
1167 5477 1271 5533 elianus
1283 5484 1310 5529 et
1325 5483 1399 5530 cxlra
1412 5474 1498 5530 lldelis
1513 5485 1631 5529 roratum.
1649 5471 1718 5531 RlG.
1834 5402 1982 5604 N

355 5544 446 5619 (b)Vel
454 5548 480 5602 in
491 5547 674 5618 namtiiripris.
689 5546 873 5605 Romanorum
886 5546 1074 5603 crudelitatem
1085 5545 1112 5600 ln
1204 5547 1238 5617 (l)
1258 5546 1311 5601 Sed
1324 5546 1410 5600 orontis
1422 5562 1514 5601 nomen
1532 5545 1630 5600 militina
1644 5546 1722 5601 dotis.
1740 5544 1842 5618 Nempe
1853 5546 1925 5602 armi

318 5630 382 5699 purus
396 5618 571 5685 imperaturos
583 5621 691 5689 arguit,
706 5618 788 5690 quiin
803 5619 892 5689 regia,
908 5619 934 5674 iu
950 5619 1072 5690 palatiis,
1085 5617 1113 5672 in
1165 5628 1255 5674 oteres
1270 5626 1298 5672 et
1319 5624 1332 5673 ὁ
1356 5622 1557 5678 σιοδιδισκιιοις
1583 5619 1728 5690 appellatis
1742 5617 1873 5686 latnistas,
1889 5618 1983 5679 duale

318 5702 378 5756 ipso
404 5689 504 5744 Senatu
531 5688 671 5760 Prirrcrpcs
695 5689 911 5747 cottlodicbaut:
935 5704 996 5746 corn
1023 5699 1113 5744 moneo
1166 5689 1472 5746 dulanlnuuvscubulo.
1488 5688 1573 5745 idem.
1944 5716 1956 5751 ·,

317 5757 390 5838 nulla
405 5773 491 5830 neqrre
502 5759 626 5815 sedition
643 5760 799 5817 christianis
816 5761 1008 5830 concitaretur,
1027 5774 1115 5831 neque
1203 5759 1241 5831 lg)
1263 5758 1361 5817 drmit.
1376 5759 1502 5830 Exarsit,
1517 5774 1621 5833 perque
1633 5760 1723 5819 omnia
1737 5759 1861 5820 menore
1885 5776 1947 5820 eva

318 5840 398 5883 notas
411 5843 527 5901 nuquam
541 5831 622 5889 rebus
635 5830 745 5889 studere
755 5832 804 5888 risi
817 5831 925 5890 luerint.
939 5830 985 5889 ee
1003 5830 1059 5888 PR.
1167 5840 1349 5889 concremata.
1365 5829 1452 5889 laen.
1475 5894 1479 5903 g
