4242 6259
151 323 222 406 isti
437 405 456 438 Ο
679 325 824 394 tmsnu
846 333 890 393 uir
910 322 1026 395 cutio
1043 325 1278 394 smmuinuu.
1349 325 1356 336 ·
1729 303 1801 393 iiii

57 504 64 515 .
150 455 280 513 versitate
291 450 431 526 gentilium
445 447 595 522 oppetendo
611 446 670 523 (ι),
692 443 769 521 cujus
781 448 819 506 rei
846 447 1067 512 deuitatANam
1094 440 1802 524 quipraesumit,miuus'veretur,minuspraecaiet,

153 547 289 605 effectum.
311 544 396 613 Quota
419 542 535 615 denique
548 550 591 599 est
614 537 672 614 (a),
698 557 759 614 quae
780 557 832 599 nee
845 543 951 614 placere
1003 542 1064 616 plus
1075 542 1242 613 periclitatur
1256 539 1308 616 (i).
1323 540 1416 599 Timor
1426 539 1629 598 tundamentum
1641 542 1735 600 salutis
1749 551 1804 617 est,

152 640 261 713 quidem
275 637 409 696 extrancis
427 635 620 707 concupiscat?
632 649 692 707 quac
710 649 766 691 non
780 635 846 691 uelit
867 633 952 692 idcir·
1003 637 1179 710 praesumptio
1193 636 1414 708 impedimentum
1441 635 1546 693 timoris
1560 635 1602 711 (d)
1617 635 1716 694 Utilius
1726 651 1802 709 ergo,
1862 673 1870 690 .

154 749 188 791 co
202 748 232 791 se
254 735 399 806 expingere
413 729 463 805 (b),
478 740 508 787 ut
521 738 601 803 neget
620 730 768 802 appetitum
782 728 951 804 (ditonum-
1002 730 1028 789 si
1040 745 1181 803 speremus
1207 744 1262 787 ιιοιι
1284 744 1365 801 posse
1385 728 1564 802 delinquere,
1593 744 1675 801 quam
1698 730 1722 787 si
1735 745 1806 801 prai-

153 843 234 899 quam
255 837 282 884 ct
296 825 348 884 buc
359 826 452 899 gentili
468 824 600 897 pudicitiae
612 823 745 881 familiare
755 825 811 894 sit,
834 839 891 882 noii
901 823 951 882 dc·
1003 839 1141 882 sumamus
1161 839 1215 881 non
1230 838 1327 897 posse3
1339 823 1475 897 sperando
1497 824 1569 881 enim
1584 823 1754 894 timebimus,
1770 823 1805 880 ti·
1834 809 1841 823 ’

156 920 414 991 linquere,attamen
427 916 567 985 relle3iel
579 916 661 973 etiarn
674 916 884 985 nulle,attamcn
897 930 951 971 non
1003 920 1102 977 mendo
1123 918 1295 987 cavebimus,
1312 915 1433 976 carendo
1450 917 1519 974 salri
1536 917 1638 974 erimus
1649 934 1657 984 ;
1670 925 1763 975 contra
1782 915 1807 974 si

155 1010 300 1083 denegare.
323 1009 393 1079 Quid
408 1009 528 1065 mirum?
541 1017 745 1079 perversarum
758 986 848 1065 simnia
861 1051 868 1075 ,
892 1023 952 1082 quse
1003 1026 1199 1085 praesumamus
1211 1025 1299 1082 neque
1312 1011 1431 1067 timendo
1446 1010 1679 1082 nequccaieodo,
1699 1009 1808 1068 dillicile

157 1106 305 1163 alieo‘noii
319 1114 392 1162 sunt.
413 1104 529 1161 Videant
539 1102 637 1177 igitur,
664 1117 724 1176 quae
737 1118 791 1172 non
806 1111 891 1160 totum
903 1103 952 1159 bo·
1003 1104 1070 1160 salii
1082 1104 1192 1160 erimus.
1209 1102 1259 1172 Qui
1273 1116 1385 1160 securus
1398 1103 1463 1174 agit,
1477 1119 1532 1160 nou
1544 1109 1586 1159 cst
1597 1102 1737 1170 sollieiuis,
1754 1115 1809 1160 uoti

155 1215 219 1256 num
236 1198 382 1256 obtinendo
395 1195 475 1255 lacile
498 1207 525 1254 ει
535 1196 607 1270 quod
620 1197 743 1254 obtinent
756 1197 827 1254 malo
841 1197 954 1255 comini-
1005 1196 1125 1269 possidet
1142 1205 1226 1252 tutam
1238 1206 1266 1252 ει
1280 1194 1384 1252 ilrmain
1398 1195 1584 1251 securitatem.
1600 1199 1634 1252 iit
1648 1193 1693 1265 qui
1708 1192 1810 1250 sellici-
1837 1269 1842 1276 ι

155 1301 241 1349 scent.
257 1291 310 1348 lios
323 1289 431 1359 abillis,
444 1299 473 1346 ut
495 1291 523 1345 iu
546 1289 663 1360 cureris,
678 1290 783 1346 incessu
794 1304 901 1363 quoqne
911 1289 954 1347 de·
1006 1299 1048 1345 tus
1061 1297 1120 1356 cst,
1134 1288 1157 1344 is
1172 1303 1236 1345 ieie
1250 1288 1349 1360 poterit
1366 1303 1426 1344 esse
1446 1302 1569 1346 securus.
1584 1286 1620 1344 lit
1631 1286 1666 1345 do
1680 1286 1737 1343 suis
1751 1287 1811 1358 qui·

156 1394 264 1441 uertere
279 1383 461 1440 necessarium
475 1388 534 1450 est,
547 1382 674 1452 quioniam
689 1381 815 1453 perlectae
836 1398 896 1440 esse
908 1379 956 1440 do·
1007 1381 1069 1440 dein
1087 1383 1173 1440 serris
1188 1382 1317 1438 Doininus
1338 1397 1387 1451 pro
1412 1380 1595 1438 misericordia
1615 1395 1663 1438 sua
1684 1389 1769 1449 curet,
1782 1391 1811 1437 iit
1833 1422 1838 1434 ,
1877 1447 1880 1455 1

155 1475 236 1547 betis,
251 1474 406 1533 sicutPatcr
416 1481 505 1532 uester
515 1474 559 1545 qui
574 1481 616 1530 εει
629 1473 656 1530 iii
670 1471 755 1531 coelis.
1007 1476 1088 1532 etiam
1108 1485 1279 1552 ,praesumere
1301 1474 1355 1530 illis
1375 1473 1408 1529 de
1427 1473 1502 1530 bono
1517 1488 1567 1532 suo
1582 1473 1698 1531 feliciter
1720 1475 1810 1530 liccat.

474 1565 588 1624 corut
600 1564 631 1621 Π.
938 1633 940 1636 ,
1007 1566 1077 1637 Quid
1092 1577 1181 1623 autem
1192 1566 1270 1623 alteri
1285 1565 1404 1638 periculo
1417 1566 1529 1623 sumus?
1541 1567 1606 1639 quid
1621 1568 1699 1626 alteri
1710 1581 1813 1624 coucu-

192 1659 322 1718 Pcricctac
344 1667 450 1725 autern,
475 1656 502 1714 iil
522 1667 579 1726 est,
594 1657 760 1716 christianae
777 1657 880 1731 pudicae
894 1657 953 1732 (5),
1009 1662 1166 1733 piscaritiam
1190 1660 1386 1731 importamus?
1406 1674 1487 1730 quam
1510 1660 1533 1716 si
1548 1659 1586 1730 (e)
1605 1659 1735 1717 Duuiinus
1751 1675 1811 1729 amq

156 1753 347 1825 appetitionem
370 1753 421 1819 sui,
442 1761 612 1810 uenientum
626 1768 679 1808 non
695 1751 873 1825 appetendam
887 1795 894 1823 ,
908 1753 956 1810 sed
1010 1753 1121 1825 pilando
1133 1754 1220 1832 legero
1234 1750 1271 1825 (f)
1286 1751 1384 1808 alecto
1393 1751 1479 1821 stupri
1491 1767 1545 1810 nun
1556 1751 1686 1812 discernit
1695 1752 1813 1822 inpcena
1891 1812 1893 1816 ¹

157 1847 238 1904 etiam
250 1844 444 1902 exsecrandam
457 1843 533 1900 iubis
545 1845 636 1900 sciatis
652 1863 659 1900 ι
674 1845 761 1916 primo
771 1842 843 1919 quod
854 1860 907 1901 non
922 1844 956 1901 de
971 1817 996 1880 B
1011 1843 1064 1920 (5),
1080 1845 1171 1902 nescio
1184 1860 1218 1901 an
1232 1842 1457 1916 impunehabeat,
1471 1859 1532 1914 quae
1551 1843 1631 1900 alicui
1645 1842 1727 1900 luerit
1738 1858 1816 1900 caus·
1883 1857 1889 1864 ·

157 1937 435 2009 integraconscientia
457 1937 659 1994 renitetudium
671 1937 793 2009 placendi
814 1953 862 2010 par
875 1938 957 1995 deco·
1009 1955 1038 1997 su
1054 1938 1222 2010 perditionis.
1238 1937 1312 1994 Perit
1326 1936 1399 1992 enim
1419 1936 1464 1991 ille
1478 1934 1560 1992 simul
1575 1936 1603 1992 iii
1619 1944 1664 1992 tua
1677 1934 1776 2004 fornia,
1791 1935 1817 1992 si

159 2122 224 2194 quid
248 2121 328 2193 igitur
339 2122 401 2179 inte
414 2122 515 2178 excitas
535 2123 635 2179 nialuni
651 2124 741 2181 istud?
765 2123 840 2193 Qutu,
850 2126 958 2196 inuitas,
1011 2125 1129 2196 cupivit,
1143 2131 1171 2179 ει
1181 2122 1250 2179 iacta
1262 2136 1292 2178 es
1308 2132 1336 2176 tu
1350 2121 1456 2194 gladius
1469 2120 1508 2176 illi
1530 2120 1580 2194 (q).
1603 2120 1636 2178 Ut
1650 2120 1692 2194 (7)
1710 2136 1726 2177 a
1741 2120 1819 2192 culpa

159 2212 237 2284 eujus
249 2222 274 2269 te
284 2212 420 2283 profiteris
433 2216 607 2271 extraneam?
621 2216 690 2274 Tum
717 2217 788 2290 quod
804 2219 958 2275 tentationi·
1012 2231 1101 2280 iaces,
1116 2215 1151 2271 ab
1164 2214 1264 2273 inuidia
1279 2228 1332 2270 nou
1348 2212 1524 2282 liberaberis;
1540 2222 1570 2272 ut
1579 2228 1640 2270 cuin
1658 2217 1685 2268 in
1707 2211 1820 2284 alicuius

159 2305 212 2360 bus
225 2304 294 2360 iiam
308 2308 414 2377 aperire
436 2322 490 2384 non
505 2306 635 2364 debemus
647 2352 654 2376 ,
679 2324 740 2381 qum
769 2325 960 2384 nonnunquam
1013 2323 1078 2380 agro
1087 2304 1255 2362 latrocinium
1268 2314 1372 2375 gastum
1384 2312 1435 2371 est,
1447 2303 1549 2359 crimen
1561 2303 1669 2375 quidem
1681 2303 1820 2366 domiuum

160 2395 233 2468 qnod
244 2397 313 2453 ileos
326 2411 341 2452 a
356 2399 412 2453 suis
425 2398 514 2470 abigat
525 2399 650 2456 instando
660 2401 819 2473 pelliciunt,
835 2413 909 2460 certe
920 2399 962 2460 iel
1014 2415 1068 2458 non
1081 2396 1213 2468 contingit
1231 2397 1289 2468 (8);
1304 2395 1368 2451 duni
1384 2409 1431 2451 rus
1445 2404 1533 2453 tamen
1546 2396 1605 2468 ejus
1615 2397 1760 2477 ignominia
1772 2411 1822 2454 no·

159 2485 286 2559 spiritum
299 2488 424 2544 scandalo
444 2499 614 2559 permovent.
636 2490 685 2564 (c),
710 2491 843 2550 Debemus
853 2493 962 2565 quidem
1015 2501 1102 2562 tatur,
1119 2489 1177 2563 ipse
1198 2503 1304 2562 quoque
1324 2488 1433 2545 iniamia
1455 2490 1617 2562 aspergitur.
1639 2489 1822 2563 Expingamus

159 2579 199 2634 ita
214 2587 306 2636 sancte
320 2589 347 2635 et
360 2589 413 2635 tota
424 2577 487 2637 iidci
497 2580 648 2638 substantia
660 2582 798 2651 incedere,
815 2597 844 2642 ut
855 2585 964 2644 eunies·
1016 2600 1077 2655 nos,
1093 2593 1124 2642 ut
1135 2584 1212 2641 alteri
1228 2592 1338 2654 pereant
1349 2583 1362 2637 ι
1375 2581 1428 2638 titii
1447 2589 1489 2638 est
1507 2597 1573 2654 ergo
1587 2600 1594 2637 :
1610 2582 1709 2653 Diliges
1730 2585 1823 2656 proxi·

159 2678 238 2727 suaet
252 2684 355 2727 maurae
380 2670 465 2728 simiis
480 2672 514 2730 de
527 2673 692 2730 conscientia
719 2685 812 2734 nostia
835 2688 961 2750 optantes
1015 2696 1089 2737 mum
1116 2688 1190 2734 tuum
1218 2678 1288 2734 sicut
1316 2683 1343 2731 te
1365 2674 1473 2746 ipsum;
1494 2676 1577 2733 nolite
1600 2685 1690 2733 uestra
1720 2687 1823 2737 tautum

160 2776 338 2857 perseuerare
352 2762 379 2819 id
401 2763 430 2819 iu
454 2764 550 2832 nobis,
580 2780 635 2822 nou
651 2775 740 2823 tamen
756 2783 963 2840 praesumentes.
1015 2789 1111 2830 curare
1125 2770 1190 2843 (9),
1211 2769 1258 2827 sed
1282 2768 1413 2826 alterius?
1435 2768 1514 2827 Nulla
1536 2771 1684 2828 enuntiatio
1708 2769 1824 2843 Spiritus

794 2901 988 2967 luculentis
1009 2903 1215 2964 temanitis.

197 3035 237 3108 (i)¹
250 3032 325 3110 dani.
336 3032 561 3107 dissoluaipropter
571 3035 704 3107 ueritatem
717 3032 762 3100 (ai.
774 3049 812 3100 pr.
824 3040 971 3106 uanitatem]
1057 3039 1164 3114 [blood.
1177 3037 1253 3113 Apuli.
1266 3039 1336 3113 quasi
1352 3037 1422 3089 Deus
1431 3051 1480 3089 nou
1491 3039 1627 3098 ampliando
1639 3036 1724 3104 legem
1735 3055 1750 3092 s
1761 3009 1827 3100 iacto

161 3097 309 3170 gentilium,
319 3096 457 3148 solanuma
491 3098 584 3171 eteocle
595 3103 645 3149 etc.
688 3162 693 3172 .
732 3162 737 3172 ¹
1023 3111 1101 3167 stupri
1114 3106 1340 3166 concupiscentiam
1350 3113 1400 3152 uon
1408 3100 1533 3153 discernat
1544 3103 1569 3151 in
1580 3115 1658 3167 piena.

198 3159 367 3273 (sinittlilqrilqua
377 3171 428 3210 uon
440 3173 470 3210 ie
492 3159 583 3212 idcireo
594 3173 623 3212 se
636 3173 738 3225 expingi
755 3164 843 3215 eureti
854 3172 881 3216 ει
891 3170 971 3230 neget
983 3200 1007 3264 C
1023 3164 1092 3280 witi)
1100 3164 1182 3278 uS‘iemul
1189 3173 1298 3278 leffium
1306 3164 1647 3278 ‘gfflscfflgonflffi'iff
1658 3166 1730 3219 ειίαιιι
1740 3164 1829 3219 deicui

162 3236 317 3399 ἶὶἱὲιώιιὲςέὶ
319 3281 565 3397 Ιειιιθοὲιιῗ“1ιιιιὲιηι;ειιεειιε
574 3285 591 3335 i.
606 3297 630 3345 e,
642 3286 697 3337 clir.
708 3286 843 3352 picturiae,
855 3299 912 3355 app.
921 3297 971 3344 etc.
1055 3240 1099 3364 (ἦ
1112 3241 1271 3357 dinisius
1279 3264 1323 3351 iiii,
1333 3295 1361 3339 ut
1369 3290 1439 3340 eisia
1450 3287 1520 3353 culpa
1528 3242 1609 3351 rcacgs,
1619 3265 1650 3342 ab
1661 3293 1712 3343 lui.
1724 3303 1749 3342 u.
1763 3290 1828 3343 libe·

468 3382 474 3394 ·
1024 3367 1098 3406 rens.

199 3408 241 3474 (t)
254 3409 310 3474 Rip.
322 3407 387 3483 liam
395 3408 437 3472 qui
450 3411 585 3473 presumit,
597 3411 678 3483 miuus
687 3411 866 3485 jamieretur3
876 3414 975 3478 quimi-
1058 3413 1096 3480 (8)
1115 3412 1170 3478 iiip
1189 3414 1335 3478 continget;
1358 3411 1435 3465 Sani.
1460 3411 1627 3479 consummi,
1648 3414 1709 3467 dum
1731 3427 1774 3471 res
1794 3421 1830 3469 ta·

163 3485 219 3523 uus
231 3480 344 3534 veretur,
356 3484 437 3523 miuus
455 3478 588 3535 praecavet,
600 3485 643 3536 qui
662 3485 743 3526 miuus
764 3483 895 3541 manaret,
920 3477 976 3542 plus
1026 3490 1086 3529 men
1098 3483 1146 3526 etc.

162 3533 335 3600 periclitatur.
1060 3540 1098 3601 (9)
1115 3536 1191 3590 Semi.
1203 3536 1282 3590 nolite
1292 3542 1376 3591 restra
1386 3549 1484 3590 curare.

850 3666 1129 3728 COMMENTARIUS.

208 3782 252 3859 (a)
274 3782 359 3848 Quoto
371 3782 541 3853 deniqueret,
552 3798 611 3853 quie
621 3799 654 3839 ne
665 3784 766 3857 placere
776 3785 878 3859 quidun
891 3796 975 3843 aua·
1028 3785 1083 3843 cilii
1100 3785 1224 3843 Patribus
1245 3799 1339 3842 cereos
1363 3800 1412 3855 per
1425 3781 1497 3842 diem
1510 3784 1537 3841 in
1552 3786 1709 3843 coemeterio
1720 3801 1774 3844 aon
1789 3786 1832 3845 iu·

162 3858 224 3915 neis
236 3855 410 3924 concupiscat.
433 3853 522 3921 Quota
532 3863 590 3922 εει,
601 3855 874 3927 inquit,pudicurum
893 3858 996 3923 liiidie=
1029 3857 1126 3923 cendi,
1139 3873 1201 3914 can.
1220 3872 1323 3913 xxxiii:
1342 3855 1506 3925 inquietandi
1524 3858 1592 3913 enini
1610 3857 1714 3925 spiritus
1728 3869 1833 3914 macto·

162 3927 400 3988 christianarum,
435 3938 476 3979 um
499 3932 552 3979 tam
568 3935 674 3982 austera
689 3928 724 3983 sit
737 3928 848 3985 etserio
861 3928 973 4000 pudica,
1028 3946 1086 3984 rum
1108 3945 1158 3984 non
1182 3937 1252 3984 suut.
1277 3925 1464 4000 inquietantur
1483 3936 1573 3984 autem
1596 3928 1648 3985 ritu
1672 3929 1785 3998 prolanu
1804 3939 1833 3986 ct

163 4009 243 4059 utne
255 3997 362 4069 placere
372 3939 480 4078 quidem
494 3997 633 4053 extraneis
645 3998 837 4068 concupiscat?
847 4015 906 4070 irum
920 4014 974 4058 nori
1028 3999 1214 4073 gentiliciam
1228 4006 1394 4070 pernoctem
1408 3997 1516 4070 quidem
1531 3998 1598 4053 nulli
1612 4038 1620 4063 ,
1632 3999 1737 4066 opinor,
1751 4014 1833 4070 graie

162 4078 251 4128 curet
264 4083 295 4122 se
307 4067 415 4137 expingi
427 4074 456 4123 ει
473 4067 616 4135 exornari,
629 4068 672 4123 iel
691 4068 814 4136 idcirco,
829 4080 858 4126 ut
871 4071 905 4127 iis
915 4072 974 4144 pla·
1029 4081 1074 4128 aut
1088 4071 1232 4127 molestum
1246 4070 1345 4136 luerit,
1359 4084 1422 4126 cum
1437 4070 1472 4124 sit
1484 4067 1563 4140 plane
1576 4108 1583 4134 ,
1598 4076 1625 4123 et
1639 4068 1832 4140 luminisqsola·

162 4151 231 4201 eeat
243 4139 258 4194 l
270 4138 356 4207 Quota
368 4138 485 4206 denique
495 4145 551 4205 est,
562 4154 623 4208 qum
635 4154 733 4211 negare
742 4140 808 4197 uelit
818 4182 825 4207 ,
836 4151 883 4198 aut
894 4158 975 4212 quam
1030 4144 1084 4206 tio,
1099 4151 1126 4198 et
1136 4141 1271 4213 pudicitiae
1285 4139 1439 4195 testimonio
1451 4140 1642 4193 necessarium.
1658 4137 1697 4194 lie
1709 4141 1795 4196 cereis
1805 4150 1833 4197 ει

164 4227 224 4271 uon
246 4213 474 4282 pudeutnogare
497 4223 528 4263 se
554 4224 670 4279 unquam
698 4209 782 4267 luisse
803 4213 975 4284 appetimur
1029 4215 1146 4270 lucernis
1167 4229 1215 4279 liei
1235 4213 1307 4266 diem
1329 4210 1452 4266 accensis
1475 4208 1603 4264 nonnulla
1629 4209 1852 4270 observabimus.

185 4295 329 4352 uunquam
342 4295 375 4336 ea
388 4280 423 4334 sit
436 4287 464 4334 et
476 4277 615 4348 gentilium
638 4279 782 4349 pudicitia,
799 4289 829 4336 ut
850 4286 974 4354 nonqui·
1028 4279 1077 4338 lib.
1102 4282 1123 4336 ll
1145 4282 1177 4337 ad
1199 4280 1335 4345 Uxorem,
1354 4278 1388 4334 ad
1410 4277 1492 4347 iliud,
1511 4277 1543 4333 t’i
1562 4280 1679 4349 procedet
1701 4280 1733 4336 dc
1753 4284 1834 4348 ianua

162 4302 233 4412 aem
249 4351 430 4420 delinquant,
445 4355 564 4403 attamen
578 4362 611 4403 co
624 4364 654 4404 se
666 4348 759 4404 habitu
772 4348 932 4416 exhibeant,
947 4357 976 4408 ut
1029 4351 1146 4406 laureata
1157 4361 1180 4405 ei
1194 4352 1342 4418 lucinam,
1357 4358 1386 4404 ut
1399 4349 1431 4405 de
1445 4365 1509 4405 nouo
1532 4351 1682 4407 concisione
1701 4352 1835 4412 libidinum

162 4427 244 4484 uelle
258 4421 402 4478 videantur
414 4418 486 4489 quod
500 4419 605 4485 nuliiit3
621 4419 661 4475 sic
672 4419 809 4484 incedant,
825 4428 854 4476 ut
868 4422 975 4479 incessu
1029 4421 1200 4495 pribiicorum.
1217 4420 1277 4477 liic.

164 4501 172 4555 i
196 4512 231 4553 so
247 4492 381 4561 cultuque
397 4505 449 4545 iiun
471 4489 604 4559 denegent
625 4488 697 4559 quod
715 4492 876 4561 promittunt
887 4493 1017 4571 impii-1)
1066 4490 1107 4563 (d)
1127 4491 1299 4563 Praesumptio
1320 4492 1526 4566 impedimentum
1551 4493 1658 4550 timoris.
1683 4495 1834 4566 Argumen-

164 4513 254 4626 cficae.
272 4563 343 4620 'l‘um
352 4561 453 4645 ingerit
467 4576 474 4613 ι
489 4559 558 4628 Quid
571 4560 691 4617 mirum?
705 4576 830 4632 peruersa
842 4573 905 4619 sunt
917 4577 978 4621 oni·
1035 4572 1091 4621 tiiiu
1112 4561 1163 4620 liue
1173 4605 1181 4634 ,
1191 4578 1275 4691 ⁸quani
1290 4563 1459 4621 necessarius
1470 4565 1505 4620 sit
1520 4565 1598 4620 timor
1613 4565 1659 4621 ilci
1672 4566 1706 4621 ad
1719 4566 1833 4624 salutem

165 4641 215 4698 nia
252 4651 298 4691 nse
313 4633 360 4688 ilci
374 4646 429 4688 non
443 4639 516 4687 siint.
538 4630 598 4690 iiio.
1035 4649 1189 4706 consequen
1209 4650 1270 4701 am,
1286 4643 1382 4692 tractat
1402 4633 1518 4705 Prosper
1540 4635 1665 4706 aquitan.
1686 4636 1733 4692 lib.
1754 4637 1788 4694 lll
1801 4639 1836 4696 dc

207 4710 241 4787 (ιι
279 4704 479 4773 Quemcusiint
498 4703 557 4758 uelit
568 4703 664 4762 idcirco
677 4721 705 4764 sc
718 4705 864 4776 espinqerd.
886 4707 984 4778 dignit
1035 4707 1097 4764 Vita
1111 4707 1258 4775 contempl.
1272 4722 1332 4776 cap.
1349 4707 1379 4764 tl
1395 4706 1459 4774 ;ubi
1473 4707 1552 4762 etiam
1565 4706 1683 4779 loquitur
1696 4708 1729 4764 de
1739 4708 1837 4765 timor'e

167 4785 218 4840 liic
231 4779 437 4838 medicamenta
452 4784 480 4831 et
490 4776 579 4830 lucum
591 4790 671 4846 quein
682 4773 846 4833 adhibebant
856 4779 984 4837 mulieres
1037 4793 1098 4835 cum
1111 4779 1281 4850 oppositione
1302 4778 1335 4834 ad
1358 4778 1612 4849 praesumptionem,
1628 4788 1657 4835 ut
1671 4780 1715 4835 liic
1726 4778 1837 4844 Tertul-

167 4863 201 4911 ut
227 4853 351 4909 nitorem
376 4846 427 4902 sibi
451 4846 637 4914 conciliarent,
652 4856 732 4919 atque
746 4847 774 4904 iu
789 4862 844 4916 eo,
861 4858 889 4906 ut
903 4850 993 4907 irater
1037 4851 1125 4906 iiaous
1137 4866 1144 4916 ;
1158 4849 1195 4905 ait
1210 4848 1282 4906 enim
1295 4848 1419 4906 homines
1432 4864 1565 4906 cessarea
1581 4850 1676 4907 timore
1692 4850 1759 4921 Dei,
1774 4852 1837 4910 illc·

166 4925 310 4983 Clemens
325 4915 429 5043 Aleriaz
444 4916 551 4991 Paedag.
567 4918 610 4985 ili,
621 4933 682 4990 cap.
698 4918 731 4986 Ξ,
750 4933 841 4975 rerum
865 4921 985 4978 omnium
1037 4930 1097 4977 ctos
1110 4936 1160 4992 spe
1174 4930 1344 4991 praesumptae
1357 4920 1533 4992 impunitatis.
1544 4919 1611 4977 Luc.

167 4995 309 5124 ossiilccm
331 5003 410 5060 repre
432 4989 531 5046 endere
553 4989 687 5056 ridentur,
700 4991 745 5062 qui
768 5005 822 5047 non
845 4992 910 5050 sutis
924 4992 985 5064 pul·
1074 4991 1114 5065 (e)
1135 4990 1220 5059 Quam
1234 4992 1257 5046 si
1266 4990 1352 5057 iteris,
1368 4990 1516 5064 ampliando
1525 4991 1627 5070 legem,
1641 5009 1657 5046 a
1670 4993 1739 5064 [acto
1755 4993 1839 5065 stupri

167 5083 186 5124 c
209 5061 346 5195 ssaegintils
360 5060 473 5258 largitus
486 5061 530 5117 eit.
544 5059 583 5117 lati
597 5060 646 5119 Pa.
910 5117 911 5121 ,
1038 5080 1090 5119 rien
1106 5063 1246 5133 distingunt
1264 5064 1291 5117 iii
1312 5079 1405 5134 puna,
1418 5062 1501 5118 nuuc
1515 5079 1549 5117 au
1562 5065 1666 5135 inipune
1679 5063 1769 5120 babeat
1781 5080 1839 5136 quse

417 5130 444 5203 e)
462 5130 534 5188 Certe
546 5132 585 5187 uei
598 5133 690 5202 spiritu
709 5134 860 5190 nandulum
878 5150 986 5260 Emine-
1037 5135 1117 5190 alicui
1129 5136 1206 5205 fucrit
1222 5150 1300 5189 cnusc
1318 5133 1479 5201 perditionis.
1495 5133 1641 5205 Ampliaiit
1654 5135 1740 5207 legem
1758 5135 1840 5192 Cliri·

169 5209 296 5282 uenrpia
306 5204 394 5274 Rip).
424 5203 870 5290 piriuimconcutiuntinqnieiant.
903 5207 985 5262 tenini
1037 5214 1096 5263 stus
1109 5220 1171 5260 cuni
1188 5206 1245 5260 ait‘:
1261 5203 1374 5261 diidistis
1388 5206 1447 5275 quia
1466 5204 1612 5262 dictumest
1627 5206 1840 5278 amiquisrulmi

161 5282 311 5354 ,spiritum
328 5275 376 5330 bct
390 5273 490 5330 liabent
504 5273 595 5331 iideies
609 5287 762 5333 seusancti.
776 5278 870 5348 ltaque
885 5276 984 5349 siquid
1037 5276 1212 5334 nioecbaieris.
1228 5275 1284 5350 Ego
1302 5293 1362 5333 uero
1381 5277 1439 5331 dico
1461 5275 1552 5333 codis:
1570 5275 1729 5349 Quicuiitque
1746 5279 1840 5350 aspicit

170 5353 358 5414 admittaris
371 5345 453 5413 maio,
469 5346 592 5415 spiritum
608 5347 656 5404 liei
666 5361 835 5419 permovent,
847 5349 984 5420 spiritum,
1038 5350 1167 5404 uiuiiereni
1182 5357 1210 5403 ut
1223 5351 1403 5420 concupiscat,
1418 5355 1471 5405 etc·
1485 5345 1545 5405 Ria.

172 5416 492 5499 qncmallcminosum
527 5419 776 5485 ere‚saecularisrci
820 5420 988 5476 atia'concii·
1077 5419 1112 5494 (i)
1132 5417 1353 5491 Nonamptiondo
1368 5417 1457 5492 legem.
1477 5418 1581 5477 Siciib.
1602 5421 1637 5488 ilc
1653 5421 1841 5484 Oratli'aindc

173 5502 263 5556 liunt.
279 5492 351 5548 tata
364 5497 440 5557 utque
454 5487 480 5542 di
504 5505 549 5544 usu
565 5500 602 5544 eit
612 5491 727 5561 operatio
745 5436 819 5560 ruofi:
836 5491 989 5561 uiuitiplicia
1040 5501 1129 5560 aperte
1140 5489 1280 5560 Dominus,
1296 5490 1424 5562 amplians
1436 5491 1531 5563 legem,
1545 5492 1610 5547 iram
1627 5493 1654 5548 in
1672 5498 1778 5565 fratrent
1790 5493 1841 5549 liu·

173 5568 293 5644 spiritum
305 5561 472 5617 incitamento
477 5559 684 5631 jaculantis,·sic
694 5561 751 5629 ipse
758 5562 941 5619 Tertullianus
950 5563 990 5618 iu*-
1041 5563 1144 5619 miaidio
1164 5564 1322 5633 superponit.
1343 5560 1499 5634 Eodemque
1519 5575 1602 5620 sensu
1617 5565 1665 5619 lib.
1681 5565 1716 5621 de
1730 5564 1838 5636 monog.

174 5642 288 5714 quitur,
304 5631 354 5690 lib.
362 5631 397 5688 de
406 5630 548 5701 Patientia,
562 5642 590 5689 ct
599 5633 645 5688 lili.
655 5632 690 5688 de
699 5631 864 5706 Spectaculis
879 5650 888 5690 ι
906 5633 988 5702 Deus,
1041 5634 1126 5690 dixit:
1142 5632 1207 5704 Qute
1218 5633 1390 5706 adjustitiam
1398 5641 1513 5704 speciant
1543 5651 1594 5690 tion
1605 5646 1842 5693 iuntunircseructs

175 5711 284 5782 inquit,
302 5703 430 5772 Spiritum
444 5703 579 5769 Sanctum,
589 5711 675 5770 utpote
687 5720 734 5776 pro
745 5713 844 5760 naturis
856 5719 910 5760 sucu
923 5704 990 5759 douo
1041 5714 1207 5777 permaneant
1220 5745 1228 5771 ,
1242 5720 1327 5761 uerum
1341 5716 1364 5762 ct
1376 5704 1510 5776 ampliata.
1547 5721 1583 5762 ta.

177 5793 303 5839 tenerum
315 5774 494 5839 ctdeiicatuui,
506 5774 698 5846 tranquillitate,
708 5775 851 5843 etimiitate,
861 5785 884 5830 et
894 5775 989 5859 quiete,
1078 5777 1117 5848 (gl
1138 5775 1220 5830 Furto
1230 5792 1256 5831 es
1269 5786 1295 5830 tu
1304 5777 1405 5848 gladius
1417 5776 1465 5831 itti.
1480 5775 1646 5849 cyprianus,
1662 5776 1709 5835 lib.
1722 5777 1757 5834 de
1772 5778 1840 5835 liab.

177 5863 204 5912 et
215 5853 406 5924 pacetraetare
414 5846 542 5918 muccpit.
554 5844 657 5908 idcirco
670 5845 768 5919 placuit
779 5846 906 5907 illiberim
917 5844 989 5907 Cou-
1042 5848 1131 5922 iiim:
1150 5846 1184 5906 iit
1198 5848 1312 5922 ctriipsu
1333 5864 1384 5905 non
1397 5864 1503 5924 putas,
1527 5848 1592 5910 atis
1616 5859 1702 5912 tunicii
1729 5850 1842 5925 podas,
