4242 6259
215 359 270 420 597
865 363 913 421 AD
931 363 1103 429 mttottss
1121 370 1185 430 ΗΒ.
1202 376 1235 434 ll.
1825 387 1879 447 titt

217 487 358 551 prorepat
369 478 431 551 aios
443 487 582 548 mustum,
597 489 773 550 rooarormu,
787 480 864 555 euius
876 496 1019 558 sunamitis
1032 490 1059 551 Δ
1071 492 1097 548 si
1109 492 1217 552 Attieos
1224 505 1349 570 stupores
1361 500 1484 573 resipere
1492 501 1647 560 notuerunt.
1656 503 1730 560 lium
1748 513 1777 563 ot
1788 504 1875 563 llbe-

218 572 341 629 modialis
367 573 452 647 ligura
466 572 684 632 immutationis
703 575 863 634 memoriam
877 579 1018 651 obsignat,
1072 584 1115 659 uis
1138 599 1184 643 ara
1197 598 1241 646 est
1261 589 1388 664 inseripti
1405 591 1528 669 :bootis
1552 594 1622 651 deis.
1643 594 1715 652 Colit
1735 609 1801 668 ergo
1814 596 1876 670 quis

219 677 247 726 et
258 666 473 755 euramhlrupum
484 683 565 742 super
579 679 661 741 eaput
674 670 733 741 ejas
744 669 837 738 luisse,
851 671 1018 761 ipsisspiois,
1071 677 1144 748 ottod
1157 679 1361 752 ignerutilum
1373 684 1493 744 sioertor
1513 687 1665 758 habebant,
1680 691 1800 746 contenti
1813 704 1877 749 este

217 762 314 835 quibus
328 778 376 834 per
390 762 520 819 ambitam
535 771 642 820 notator
656 802 665 829 ,
690 764 972 836 apparetrupterea
991 776 1019 824 et
1071 768 1233 841 debuerunt,
1247 775 1407 833 ueoeieetos
1419 777 1587 837 desiderato.
1600 778 1631 836 ln
1645 781 1792 851 quostiam
1804 781 1874 838 irre·
1979 768 1986 795 ³

134 862 139 869 ·
218 867 415 926 musmonem
428 852 498 925 apud
512 851 613 910 inleros
626 852 763 925 deputant,
777 855 827 912 sub
838 855 949 914 dextera
960 858 1019 927 ejus
1070 858 1452 935 ligiosisiepreltoodumtrr.sl
1467 870 1538 927 euim
1551 870 1596 927 dei
1619 882 1649 951 ιι
1668 870 1800 966 wilgils)
1826 886 1875 930 se·

216 947 694 1021 staremusquodsutnauuejus
704 958 907 1021 compressatur
921 950 963 1023 (1)
978 950 1017 1022 (ο)
1072 950 1201 1024 ligantur,
1216 957 1330 1027 quinon
1343 959 1510 1033 adipsum
1529 964 1639 1034 reprobi
1655 966 1871 1036 pronuntiantur.
1979 960 1995 989 v

216 1041 426 1115 AEgyptiurum,
441 1052 467 1100 el
482 1040 588 1117 iuriam
598 1040 748 1113 adiungunt
761 1081 769 1109 ,
784 1055 865 1113 quam
878 1040 961 1098 liliam
975 1057 1019 1100 re·
1070 1042 1126 1103 llos
1139 1062 1205 1105 roro
1214 1048 1338 1108 bifariam
1352 1052 1540 1113 Romanorum
1552 1055 1620 1114 deos
1634 1058 1874 1131 recognoscimus,

219 1138 262 1210 gis
275 1137 382 1194 Pharao
398 1135 531 1195 deriuatio
554 1136 671 1193 nonduis
685 1149 746 1192 osse
760 1134 941 1204 demonstran
956 1151 1019 1193 nuos
1070 1154 1229 1200 eommunes
1240 1154 1269 1200 et
1287 1147 1434 1217 proprios,
1458 1148 1485 1206 id
1504 1157 1568 1219 ost,
1584 1166 1726 1223 quoscum
1750 1154 1876 1211 omuibus

215 1239 244 1289 et
254 1238 322 1289 struo·
331 1232 438 1288 Pharao
452 1270 461 1299 ,
477 1226 548 1287 i'oter
562 1237 659 1287 emtora
671 1229 805 1288 bonorum
820 1238 848 1287 et
859 1244 1019 1287 seruauera-
1072 1230 1187 1303 lrabent,
1203 1245 1231 1292 et
1243 1252 1311 1309 quos
1323 1239 1375 1310 ipsi
1387 1250 1451 1297 sunt
1473 1245 1629 1303 commenti.
1644 1246 1681 1302 iil
1691 1246 1822 1318 stumquid
1838 1226 1870 1305 bi
1919 1224 1924 1233 ¹

215 1324 319 1380 tionum
332 1364 340 1392 ,
355 1323 438 1380 liliata
453 1338 562 1395 qooque
574 1322 603 1378 in
616 1323 816 1380 matrimonium
839 1322 865 1380 oi
888 1322 1015 1380 dederat.
1071 1336 1135 1382 suut
1149 1329 1248 1398 publici
1261 1331 1530 1393 otadrensitiidioti?
1545 1337 1601 1395 iloo
1614 1340 1687 1395 enim
1698 1354 1754 1397 erse
1763 1341 1873 1409 ι1οοιιιι,

215 1417 270 1476 Sed
295 1418 358 1489 qaia
381 1427 408 1474 et
430 1416 501 1473 ieras
520 1423 548 1473 et
573 1415 802 1473 bomiuesoolere
822 1424 1017 1488 susceperant,
1069 1415 1278 1477 adventitiorum
1300 1423 1567 1497 udlauumcaruas,
1587 1428 1759 1502 publicorum
1773 1433 1871 1503 inipu-

215 1519 359 1583 utramqoe
372 1510 469 1567 laeism
480 1509 508 1566 in
522 1509 721 1566 unombsubiu
730 1509 915 1579 coutulerunt,
926 1511 1019 1582 inquo
1070 1506 1146 1565 latio.
1161 1509 1250 1579 Quare
1259 1528 1321 1570 oum
1331 1530 1489 1575 outtmuues
1500 1519 1556 1588 dei,
1564 1536 1644 1594 qoam
1659 1522 1781 1595 pltysioo,
1791 1539 1872 1596 quam

217 1613 323 1662 natura
338 1604 554 1676 conditionisque
577 1618 634 1659 suas
649 1602 737 1674 potius
756 1612 914 1675 argumenta
933 1602 1019 1661 trieri
1070 1600 1098 1656 in
1110 1602 1229 1675 mytbioo
1243 1608 1517 1678 comprehendantur,
1530 1620 1621 1668 aetum
1635 1614 1746 1684 estjam
1764 1614 1798 1672 de
1813 1616 1873 1673 istis

214 1706 308 1773 posset
319 1712 495 1755 consecrasse
514 1712 590 1769 gens.
607 1697 714 1764 rixosa,
729 1697 785 1753 suis
799 1698 910 1769 regibus
923 1713 1020 1756 reson·
1070 1696 1223 1767 speciebus.
1240 1700 1279 1756 Da
1293 1703 1410 1772 propriis
1423 1703 1600 1762 disere....et.
1617 1706 1658 1763 De
1669 1707 1800 1765 liemarus
1812 1720 1870 1766 sta·

215 1801 289 1849 trans
307 1789 363 1863 (1),
383 1791 410 1845 in
426 1789 559 1845 extraneis
581 1787 696 1859 dejecta,
714 1789 1014 1864 saneetgulaetspor·
1072 1803 1206 1859 peanum,
1232 1794 1340 1850 tertium
1355 1795 1420 1853 illud
1435 1812 1521 1868 genos
1539 1797 1679 1855 botritium
1696 1800 1866 1859 deorum...

213 1885 277 1944 eitis
280 1922 349 1943 ......
360 1884 442 1941 etiam
454 1883 526 1938 serti
542 1882 612 1954 ipssa.
1032 1910 1057 1971 B
1071 1881 1188 1953 eoquod
1199 1885 1274 1941 noda
1292 1900 1361 1958 gons
1372 1886 1426 1943 alia
1442 1897 1545 1949 tontum
1558 1891 1870 1964 sibisoperstitiouitin·

250 1978 279 2036 p,
298 1976 363 2033 flaec
385 1974 534 2033 mptum
560 1973 721 2045 tripertitum
754 1975 1015 2046 dispositionem
1071 1973 1871 2058 tenoris....doasspeeiesdirigimns,sliosdeitomini·

215 2069 363 2128 divinitalis
376 2078 423 2125 aot
441 2069 547 2124 notiora
560 2075 606 2122 aut
619 2066 765 2138 insigniora
778 2068 958 2141 digessimus,
986 2082 1016 2128 ot
1068 2063 1294 2139 [intermortuos.
1307 2070 1376 2127 abor
1396 2073 1460 2130 'srtde
1470 2085 1626 2146 conseptos
1646 2076 1730 2149 luitur
1741 2080 1871 2151 amulam

215 2164 301 2237 possit
312 2163 368 2234 jam
382 2162 466 2219 rideri
481 2161 547 2219 satis
560 2175 722 2233 responsum
742 2161 777 2217 de
802 2161 915 2235 pityrion
928 2178 1012 2235 gene.
1068 2156 1141 2215 idem
1162 2157 1216 2215 illis
1229 2160 1306 2217 oolor
1318 2163 1439 2234 suppetit
1452 2168 1667 2225 emseerattoms
1678 2181 1870 2243 mortuorum,

214 2272 261 2324 re,
277 2255 313 2314 de
325 2257 449 2328 poetioo,
463 2255 497 2311 de
522 2254 659 2327 gentibus.
684 2254 717 2309 lit
730 2253 857 2324 qnoniam
870 2257 960 2314 omnis
971 2272 1017 2314 su.
1068 2251 1236 2322 uaeramus
1249 2255 1555 2323 molestissimum
1564 2269 1592 2316 et
1602 2274 1652 2318 ttos
1662 2264 1869 2334 responsionem

218 2348 341 2420 perstitio
357 2347 415 2419 (2),
429 2360 485 2405 non
497 2344 554 2417 jam
574 2343 797 2416 pbilosophorum
811 2360 861 2402 ueo
874 2357 1015 2417 poetarum
1068 2358 1235 2415 opponamus
1262 2361 1376 2405 neeesse
1402 2358 1461 2419 est,
1484 2353 1621 2410 nerninem
1646 2369 1678 2411 ex
1704 2355 1746 2413 bis
1764 2371 1872 2430 oooque

224 2458 278 2501 nuc
290 2442 468 2515 populorum,
492 2456 507 2495 a
521 2439 618 2513 quibus
633 2438 729 2495 tradita
742 2447 802 2506 est,
817 2439 865 2497 sed
875 2440 1017 2499 domnan-
1069 2437 1135 2492 tanti
1148 2438 1241 2494 luisse.
1255 2437 1362 2497 Patrem
1376 2439 1532 2515 diligentem
1555 2443 1661 2502 AEneon
1676 2447 1869 2519 erediderunt,

218 2537 288 2592 tium
301 2535 495 2600 Romanorum,
511 2531 1016 2602 quibosooenpataesl,auotoritatem
1068 2528 1184 2614 militent
1211 2532 1543 2605 memoriensem,
1568 2534 1657 2608 lapide
1678 2537 1868 2607 debilitatums

214 2627 266 2686 sibi
281 2627 440 2693 exstruxit,
460 2623 513 2680 aliu
536 2622 591 2695 lam
614 2622 692 2679 uobis
704 2622 821 2680 ineunda
842 2633 885 2681 est
906 2625 1016 2682 inomni
1067 2622 1138 2694 quod
1152 2622 1236 2680 telum
1249 2634 1379 2694 quntum
1394 2627 1752 2701 volgareatqueeaninum
1768 2673 1776 2700 ,
1791 2642 1868 2691 tanto

215 2721 317 2779 erroris
329 2719 463 2783 latitudo,
482 2718 538 2773 imo
550 2715 618 2774 silua
640 2716 791 2783 osdendo,
814 2733 876 2791 quas
898 2719 1016 2791 ordinm
1067 2713 1186 2786 introibit
1197 2714 1412 2776 tulumffiedol
1424 2720 1546 2797 proditor
1559 2722 1651 2797 parite
1664 2723 1767 2781 AEoeas
1778 2726 1819 2798 (d)
1830 2728 1872 2783 in·
1980 2754 1990 2811 ,³

214 2813 353 2883 eoneeptis
363 2810 586 2883 superstitionum
593 2809 741 2865 seminibus
749 2810 808 2866 vitii
821 2812 1013 2887 pueritiamlb)
1067 2808 1187 2877 reoitur;
1202 2818 1254 2865 tarn
1265 2809 1377 2879 AEneas,
1389 2827 1470 2889 quiam
1485 2815 1695 2874 intermiscet
1710 2817 1762 2874 pop
1774 2832 1869 2875 mum

214 2902 462 2962 oburulrrarit.Sed
474 2910 502 2960 et
514 2900 774 2958 Romanoromdeos
792 2901 879 2961 llarro
891 2903 1014 2962 bilariam
1065 2903 1169 2970 solunt,
1189 2901 1471 2975 AEueasoertepatria
1482 2905 1613 2979 flagrante
1626 2907 1769 2982 dereliquit
1780 2912 1870 2968 soolos

214 2999 346 3071 disposuit
358 3000 476 3055 insertos
488 2995 634 3053 etelectus.
645 2994 759 3052 'lautam
770 2997 1014 3068 vanitateleuid
1065 2994 1184 3052 inimum
1197 2995 1305 3052 Panium
1314 2996 1494 3067 subjiciendus
1509 2998 1564 3075 (e),
1578 3015 1638 3070 quor
1658 3002 1784 3081 maritum
1798 3003 1867 3058 lias·
1983 3064 1995 3093 a

213 3094 287 3152 enim
298 3092 419 3153 eratiilis
432 3104 494 3149 eum
513 3089 642 3159 incertis,
658 3089 681 3147 si
691 3098 780 3148 certos
796 3091 951 3150 habebant?
961 3093 1012 3150 nisi
1065 3088 1205 3145 drubalem
1231 3086 1327 3145 AEuem
1351 3088 1494 3148 timiditate
1516 3091 1713 3163 sopplioantem
1727 3094 1798 3150 tosti
1808 3108 1866 3151 nott

812 3197 1021 3268 ”uscrtotss
1037 3200 1245 3267 stultusne.

260 3324 728 3457 lwgogsgiuiueorriormutuit
743 3324 970 3393 incompressatus.
1031 3325 1054 3389 c
1103 3320 1141 3387 (3)
1159 3319 1219 3375 cod.
1231 3330 1278 3372 rm.
1287 3317 1354 3372 titiis
1365 3320 1526 3385 pueritatem,
1543 3318 1631 3387 ripum
1643 3324 1697 3376 ritil
1712 3325 1871 3389 pueritatem.

903 3492 1183 3558 COMMENTARIUS.

255 3609 384 3683 (aiones
394 3613 439 3669 sub
452 3630 530 3670 moun
542 3615 597 3686 eius
609 3620 795 3681 conspretsotus
815 3607 1012 3684 AEpyptiorom.
1065 3630 1122 3672 rent
1137 3614 1234 3672 leceris
1246 3611 1410 3685 superfluant
1425 3622 1507 3687 atque
1520 3613 1661 3685 inutilem,
1671 3629 1768 3673 rerum
1783 3626 1811 3675 et
1822 3617 1864 3675 di·

214 3679 248 3739 lu
262 3699 313 3738 uss.
328 3683 442 3756 legitur,
457 3682 533 3752 Quod
545 3686 590 3741 sul
605 3703 683 3742 manu
697 3686 752 3751 eius
765 3691 952 3752 compressatur
962 3681 1014 3738 AE·
1065 3686 1170 3743 trinitati
1187 3702 1298 3756 prorsus
1318 3684 1484 3743 indecorant.
1499 3686 1557 3743 iloo
1570 3689 1688 3758 primum
1701 3700 1864 3761 argumento

214 3755 371 3826 qpptiorum.
388 3755 417 3811 itt
439 3766 565 3829 prompto
588 3756 640 3813 luit
661 3756 831 3821 emendatio,
847 3753 1013 3827 Compresso-
1066 3756 1211 3829 Septimius
1231 3765 1325 3813 noster
1347 3756 1464 3813 Deorum
1487 3759 1591 3814 turbant
1605 3758 1824 3832 prodiga13mos
1837 3768 1867 3817 et
1896 3756 1901 3766 ’

214 3835 268 3881 tus.
287 3825 356 3882 Nibil
370 3828 442 3883 enim
455 3829 551 3886 deesse
572 3829 637 3885 mibi
653 3826 952 3897 ridetur‚·aotsiquid
966 3826 1014 3882 tled
1067 3829 1263 3885 Varrooentox
1280 3828 1360 3884 turba
1373 3829 1531 3912 seligentem
1550 3831 1718 3900 precipuos,
1733 3822 1868 3903 irreligio·
1975 3826 1980 3841 '

214 3911 307 3954 rasum
322 3897 405 3955 luerit
419 3901 445 3955 in
460 3912 580 3956 extrema
597 3902 666 3956 lineo
680 3897 917 3971 postdiotiouem,
935 3897 1011 3966 Eius,
1066 3915 1126 3957 sum
1140 3916 1200 3957 esse
1212 3900 1290 3968 dioit;
1303 3901 1354 3957 boo
1366 3916 1438 3956 enum
1452 3915 1505 3956 nou
1520 3901 1579 3958 sine
1592 3902 1757 3974 reliquorum
1770 3903 1870 3974 injuria

215 3967 455 4027 nibilaliudluerit
484 3969 636 4039 tunntb‘sse,
650 3967 1014 4042 autquidejttsmotb.Cotn·
1066 3966 1180 4036 secisse.
1196 3988 1264 4044 qtros
1289 3986 1351 4028 osse
1371 3971 1481 4043 quidem
1505 3971 1575 4029 Deos
1593 3976 1748 4040 ceustterlt,
1770 3990 1867 4031 terum

214 4049 370 4111 pressatum
383 4042 447 4098 dlolt
458 3988 660 4109 ilertttlliauus,
675 4042 876 4122 protestatione
889 4053 949 4123 (pte
963 4055 1014 4111 op-
1066 4042 1196 4114 dignitate
1219 4042 1379 4109 lnleriores,
1394 4051 1441 4098 aut
1464 4051 1608 4115 potestate.
1633 4044 1689 4101 llos
1714 4047 1796 4116 igitur
1811 4061 1867 4103 nou

215 4126 345 4185 pressura
367 4113 742 4186 eratAEpyptum,ntltabet
763 4111 949 4167 latitaturum
962 4111 1017 4167 Ge-
1067 4122 1172 4171 tantum
1191 4113 1351 4176 inollloiusl.
1366 4128 1460 4170 rernm
1482 4123 1511 4170 et
1530 4115 1603 4170 laesae
1625 4115 1777 4172 diuinitatis
1797 4131 1867 4188 que·

215 4198 277 4239 uus.
292 4198 352 4254 rap,
367 4185 413 4241 ll.
430 4186 476 4243 Sio
488 4188 517 4241 iu
529 4187 624 4257 Soorp.
641 4199 701 4256 esp.
714 4185 741 4240 ὅ.
758 4182 852 4239 blosius
871 4191 925 4237 erot
937 4199 1016 4255 super
1067 4187 1124 4242 rola
1136 4201 1215 4257 agere
1227 4203 1234 4238 ι
1248 4186 1380 4241 adversus
1402 4185 1538 4241 ltttntinem
1553 4185 1588 4241 do
1601 4185 1657 4243 Diis
1676 4187 1799 4257 judicare
1812 4204 1863 4244 aa·

214 4256 277 4310 illos
292 4255 318 4309 in
331 4256 418 4322 ntolo,
431 4265 455 4313 et
467 4258 629 4328 compressati
644 4266 702 4311 sum
713 4253 796 4311 ualde.
810 4252 906 4311 bein,
1067 4271 1143 4322 sum,
1159 4254 1236 4328 quasi
1251 4255 1322 4311 Deus
1344 4271 1397 4309 non
1421 4257 1474 4322 sit,
1488 4256 1539 4311 nisi
1563 4256 1606 4312 eui
1630 4257 1712 4313 ltonm
1732 4260 1863 4332 propitius

255 4325 295 4397 (b)
312 4324 486 4400 Depibussuis
501 4338 658 4384 reeotttrous.
674 4327 842 4382 Reeoutratts
855 4324 931 4390 dicit,
942 4323 1015 4394 quod
1067 4326 1159 4393 morin
1194 4326 1246 4382 uod
1259 4339 1325 4382 sane
1338 4334 1380 4381 est
1391 4325 1461 4382 Deos
1474 4326 1574 4383 babere
1587 4336 1716 4399 tauquam
1732 4329 1867 4401 longos...

215 4399 291 4453 aetati
317 4413 373 4454 sua
397 4400 512 4470 proximi
538 4401 684 4471 scriptores
709 4398 823 4466 disere,
842 4397 1013 4451 eontrarium.
1066 4343 1237 4468 pratensiisns
1268 4394 1439 4465 optima·lun
1459 4398 1482 4452 is
1505 4396 1605 4453 Natura
1629 4409 1686 4467 est,
1711 4400 1771 4454 aliis
1793 4402 1865 4457 nmie

215 4468 298 4538 Quod
323 4479 414 4527 autent
439 4471 484 4527 bio
497 4471 534 4527 de
555 4470 657 4529 luteis
680 4470 841 4540 Septimius,
856 4468 883 4523 id
905 4468 1016 4523 omuino
1066 4468 1198 4536 ereditur,
1216 4468 1255 4524 ait
1278 4466 1415 4525 Horatius.
1437 4411 1508 4536 auid
1529 4479 1619 4525 autem
1634 4469 1707 4525 aliud
1720 4471 1866 4527 telleottttt

216 4539 389 4613 Lampridius
401 4541 436 4600 de
450 4542 596 4600 Gallicanis
609 4542 744 4598 mentibus
758 4540 785 4595 in
800 4538 953 4594 Alexandro
967 4536 1016 4593 Se·
1067 4538 1168 4596 illectis
1181 4540 1237 4595 suis
1246 4537 1413 4606 Varronem,
1425 4538 1583 4607 niti-oleotis
1595 4541 1649 4596 illis
1662 4540 1792 4612 optimam
1803 4556 1866 4598 esso

216 4626 295 4667 uero.
311 4611 453 4669 Gallicane
467 4616 561 4668 suentes
573 4653 582 4680 ,
594 4621 623 4668 ut
636 4629 664 4668 se
676 4613 767 4666 liabent
780 4652 787 4675 ‚
800 4610 873 4665 durae
891 4624 922 4664 oo
935 4618 1016 4666 retro·
1027 4642 1055 4705 D
1068 4611 1187 4667 numinis
1200 4618 1322 4666 naturum
1334 4626 1342 4675 ;
1356 4608 1417 4665 aliis
1432 4610 1501 4666 male
1520 4610 1593 4667 credi
1606 4610 1618 4665 l
1633 4609 1710 4679 Quod
1725 4625 1791 4666 tero
1801 4612 1865 4667 atti·

216 4683 320 4757 prodes,
335 4694 359 4768 et
372 4700 441 4769 supe
454 4683 654 4769 impostoribus
703 4698 770 4737 oses.
784 4680 844 4738 ltu.
954 4750 970 4805 Γ
1008 4753 1015 4765 .
1069 4681 1160 4737 netad
1172 4680 1295 4765 exempla
1308 4694 1369 4752 (ιω
1381 4681 1585 4763 reprehensioni
1598 4694 1653 4736 suaa
1672 4680 1866 4768 osnbrmandm

217 4750 1017 4901 ..11111111111111111111.’1111111ιιι
1068 4751 1749 4894 1111111111)111)11“1.1“.11111“111ὲ
1763 4754 1865 4881 lilii:

217 4894 277 4953 tlt.
293 4895 326 4954 de
345 4896 425 4954 Cirit.
442 4894 489 4954 Dei
500 4941 508 4965 ,
519 4905 550 4955 ut
571 4898 696 4959 laertius.
710 4910 790 4968 quast
812 4895 911 4950 rodus.
931 4891 1019 4950 Video
1069 4895 1162 4967 ltaqtte
1175 4912 1208 4954 es
1223 4895 1354 4951 militibus
1378 4893 1487 4965 quidem
1508 4894 1644 4967 eliguntur
1662 4896 1707 4966 qui
1723 4895 1788 4952 dant
1802 4912 1867 4953 oen·

217 4968 294 5025 enim
307 5010 314 5032 ‚
327 4969 433 5041 inquit,
448 4971 530 5026 etiam
554 4984 587 5025 ex
607 4968 715 5027 selectis
728 4966 790 5036 eligi
804 4966 908 5037 aliquos
920 4964 953 5020 ad
969 4966 1018 5021 all·
1070 4969 1210 5035 ttuionos;
1226 4981 1259 5024 ex
1274 4964 1414 5032 lidelibus,
1429 4965 1474 5036 qui
1489 4964 1555 5022 llam
1574 4965 1710 5038 prepositi
1726 4984 1734 5022 ε
1748 4983 1783 5023 ex
1797 4968 1866 5038 lopi-

218 5039 285 5110 ouid
305 5040 391 5095 ma'us
412 5052 492 5114 atque
506 5041 697 5112 prostantius;
713 5038 888 5109 ortamobrem
909 5050 963 5092 oon
982 5051 1017 5094 ex
1069 5036 1163 5104 dibus,
1176 5038 1221 5111 qui
1236 5039 1300 5094 bant
1320 5035 1478 5109 angulares,
1494 5052 1544 5094 neo
1559 5049 1700 5110 propterea
1715 5047 1805 5094 tumen
1818 5054 1864 5095 re-

217 5110 273 5168 lroo
284 5057 357 5179 ouod
372 5111 412 5168 Dii
426 5128 459 5169 es
477 5113 569 5169 multis
583 5111 691 5181 nitidam
713 5109 805 5166 seleoti
819 5115 897 5174 sunt,
911 5108 1016 5179 ritupe»
1068 5111 1133 5182 liqui
1148 5110 1275 5166 dicontur
1282 5109 1437 5180 reprobari,
1449 5109 1512 5177 quia
1528 5124 1624 5181 nempe
1635 5111 1730 5166 borum
1743 5110 1866 5166 omnium.

217 5181 303 5241 randi
311 5191 375 5239 suot
387 5198 395 5249 ;
407 5183 455 5240 sed
468 5180 739 5241 animadvertendum
748 5180 837 5251 potius
851 5181 960 5250 quinam
971 5179 1016 5236 isti
1068 5182 1210 5253 disoiplioo
1222 5190 1284 5250 est,
1297 5191 1328 5237 ut
1346 5179 1442 5237 ordine
1458 5192 1491 5237 ao
1510 5190 1641 5250 potestate
1653 5179 1864 5252 distinguantur.

216 5252 317 5311 simet
329 5254 363 5310 ad
379 5269 459 5325 quam
481 5270 539 5311 rem
553 5255 648 5312 selecti
671 5252 821 5309 rideantur.
842 5249 908 5319 Qus
921 5265 1016 5321 repro-
1068 5253 1200 5311 dtDensa
1209 5266 1283 5320 esse,
1298 5251 1594 5323 nonreoipiteepettu
1605 5256 1780 5316 seimane.
1802 5252 1868 5310 liro.

219 5325 369 5411 bonoimsi
387 5325 542 5399 diligentius
563 5322 748 5410 examinetur,
763 5320 887 5379 subtilior
900 5318 1017 5406 sortasse
1104 5345 1145 5419 (p)
1165 5346 1219 5403 Sep
1236 5353 1260 5401 ε)
1279 5345 1395 5418 propp„
1406 5345 1497 5415 „m
1508 5344 1618 5403 ΕΜ),
1634 5345 1737 5404 Eue„
1753 5347 1800 5404 pp,
1823 5346 1871 5421 qul

216 5394 476 5480 luq'ffibui'ftffiiss
495 5395 567 5480 ΨΜ
587 5393 852 5454 ²¹¹¹¹¹¹²di0¹¹e⁰d¹¹ffl
876 5402 1016 5519 pfaefflf'i)
1069 5421 1138 5501 pius
1152 5416 1280 5501 Virgilio,
1295 5417 1338 5473 itio
1363 5415 1484 5488 proditor
1498 5417 1616 5501 dieitur,
1635 5419 1780 5501 statimque
1794 5419 1866 5503 ratio

218 5482 331 5541 ‘imm'
354 5478 399 5525 ¹⁹²¹
419 5467 460 5524 ⁰¹¹
480 5476 550 5536 ⁸¹⁰¹*
562 5477 590 5525 ⁶²
609 5464 643 5552 ³5¹
661 5482 743 5552 ‚qum
763 5480 820 5522 '⁸¹¹¹
832 5463 940 5546 ΜΨ
966 5474 1019 5520 ⁰⁰¹⁸
1070 5489 1221 5561 subpcttur,
1236 5503 1298 5560 quta
1313 5487 1453 5544 ardentem
1467 5497 1580 5559 patrnam
1592 5489 1726 5559 deserunt,
1742 5500 1769 5546 et
1784 5489 1865 5546 Dtdo-

219 5540 275 5595 hoc
296 5552 362 5596 sane
383 5539 533 5596 hiemem&
555 5538 717 5612 sepullum,
732 5535 947 5607 ebApologetlco
968 5535 1015 5590 mo
1068 5576 1128 5617 nem
1151 5560 1249 5616 Siehaei
1272 5560 1344 5631 mgis
1364 5559 1598 5618 viduamffloeoem
1612 5563 1711 5634 qumi„
1727 5561 1865 5634 sequemi‘

218 5609 360 5693 nobiliss
381 5612 456 5668 bisce
478 5610 586 5695 quidem
601 5611 634 5667 ad
654 5609 782 5667 Nationes
798 5606 884 5690 libris.
904 5604 958 5662 Sed
973 5606 1016 5662 blo
1066 5632 1118 5689 bus
1138 5629 1281 5702 habemur,
1296 5628 1387 5689 mum,
1405 5638 1489 5688 ,mm
1501 5640 1565 5689 m,
1578 5633 1605 5690 in
1615 5633 1729 5707 ΔΝΜ.
1751 5647 1812 5702 cap·
1826 5631 1864 5689 ,ὅ

220 5690 321 5737 merito
336 5681 404 5739 ridet
414 5682 607 5739 Varroniananr
624 5682 738 5739 Deorum
749 5679 941 5746 selectionem,
954 5690 1015 5733 oum
1066 5713 1095 5760 e,
1107 5698 1152 5761 ω,
1165 5703 1205 5759 L„
1215 5703 1264 5758 pn·

221 5754 276 5809 olei
292 5752 364 5809 Deus
374 5768 427 5809 nou
441 5754 657 5824 debeat,nenne
669 5768 729 5809 esso
740 5750 842 5823 possit,
857 5749 908 5805 nisi
922 5750 967 5821 qui
980 5750 1016 5806 sit
1350 5797 1356 5811 .
1424 5798 1430 5809 .
1452 5796 1460 5811 .
1487 5798 1493 5812 .
1735 5799 1741 5811 .

223 5824 301 5880 solus
319 5826 509 5896 omnipotens,
525 5834 642 5882 aternus
652 5867 661 5894 ,
673 5824 841 5890 immensus,
855 5820 1014 5878 indelessus.
1087 5795 1142 5882 ,(θ)
1153 5794 1178 5853 F
1177 5797 1277 5853 lilim
1287 5794 1311 5853 Ρ
1313 5813 1393 5854 111113
1401 5794 1656 5871 ulutueusululra
1667 5798 1807 5863 [willam
1820 5815 1872 5876 ptr·

225 5893 296 5953 linio
309 5911 374 5957 tero
387 5897 513 5959 sontum
536 5896 559 5957 si
583 5896 689 5958 dederis
712 5904 759 5956 aut
778 5895 924 5965 ricarium,
938 5893 1017 5968 plane
1068 5882 1156 5932 miili
1168 5868 1329 5933 ‘emindii
1348 5870 1411 5934 ΒΝ·
1574 5920 1587 5951 ,
