4242 6259
261 367 314 428 695
743 366 973 429 aestelstani
991 367 1095 427 LIBER
1112 366 1159 427 DE
1177 365 1419 428 acetositate.
1855 371 1909 432 eet

263 487 330 544 sitas
351 486 543 545 circumsistat.
571 486 605 543 Et
616 487 641 543 si
655 486 692 544 ita
707 488 845 555 evenerit,
868 486 915 544 det
933 486 1060 544 tratribus
1073 489 1099 551 Α
1113 493 1212 557 potest.
1222 501 1304 558 guam
1315 484 1772 559 candoidololatria,sitiatorejus
1784 486 1910 559 incapite

263 582 392 655 operandi
407 582 512 653 copiam
527 579 580 656 (a),
594 581 638 638 rel
655 580 734 638 nobis
754 580 946 652 abrumpendae
970 579 1059 637 omnis
1111 581 1156 637 sit.
1175 580 1357 651 Quascumque
1368 581 1515 637 nenessitas
1530 580 1618 638 minor
1635 588 1677 638 est
1690 579 1822 653 periculo,
1834 590 1909 637 tarrto

263 673 433 732 necessitatis
445 674 644 742 constantiam,
659 688 695 729 ne
717 672 883 755 illselitterae
909 669 1060 744 negatrices
1111 682 1276 746 comparata.
1296 673 1442 746 Propterea
1467 674 1584 747 Spiritus
1608 675 1734 741 Sanctus,
1749 675 1909 733 consultan-

263 769 372 825 vicarias
391 766 429 840 (b)
451 766 508 824 oris
522 767 608 823 nostri
632 767 660 822 iu
674 766 719 824 die
739 764 834 836 judicii
853 764 984 822 adversus
1011 779 1061 821 nos
1112 768 1184 826 tibus
1198 777 1261 824 tune
1274 768 1415 840 apostolis,
1434 767 1569 825 vinculum
1591 777 1620 825 et
1639 767 1732 842 jugum
1757 767 1836 826 nobis
1861 785 1909 826 re·

262 862 433 936 proferantur
456 863 569 935 signate
588 862 690 935 signis,
705 876 761 918 non
780 859 837 934 jam
858 858 1060 929 advocatorum,
1112 860 1224 930 laxavit,
1250 869 1280 918 ut
1299 859 1458 919 idololatrias
1483 858 1634 918 deuitandae
1654 875 1820 919 vacaremus.
1844 860 1911 918 liae

261 954 309 1014 sed
323 956 479 1029 angelorum
502 953 550 1029 (c).
1115 954 1168 1010 erit
1180 953 1225 1010 lea
1245 962 1337 1012 nostra
1350 968 1405 1027 quo
1429 953 1569 1026 expedita,
1584 953 1636 1014 boc
1653 953 1757 1025 lleuius
1780 952 1913 1011 adminis-

267 1106 273 1119 ,
562 1046 678 1107 CAPUT
701 1046 798 1104 xxiv.
1114 1046 1220 1117 tranda,
1243 1047 1351 1120 propria
1371 1046 1598 1115 christianorum,
1613 1063 1662 1121 per
1676 1062 1756 1120 uuam
1772 1047 1807 1105 ab
1823 1048 1913 1106 etbui-

298 1143 371 1200 lnter
395 1141 446 1198 hos
472 1140 598 1215 scopulos
624 1151 651 1197 et
667 1140 753 1211 sinus,
769 1140 840 1199 inter
859 1141 918 1198 inec
941 1140 1009 1196 rada
1033 1147 1063 1197 et
1113 1144 1153 1199 cis
1165 1143 1335 1215 agnoscimur
1347 1151 1374 1198 et
1387 1143 1592 1199 examinamur:
1606 1141 1664 1199 baec
1675 1140 1865 1199 accedentibus
1878 1143 1913 1198 ad

261 1237 329 1296 lreta
342 1236 501 1295 idololatriae
522 1235 575 1310 (a),
595 1235 726 1293 velificata
753 1235 848 1305 spiritu
868 1234 916 1291 liei
938 1235 973 1304 (e)
994 1233 1062 1292 lides
1113 1235 1194 1292 iidem
1216 1235 1472 1308 proponendalls„
1497 1233 1911 1307 xlxill;llattt.,vtt:l>ttt.,

262 1330 387 1404 trarigat,
414 1338 470 1399 tuta
493 1330 516 1386 si
537 1338 634 1396 cattia,
654 1343 749 1385 secura
773 1328 795 1384 si
815 1328 928 1384 attonita
954 1325 993 1400 (l)
1014 1325 1059 1399 (l).
1113 1326 1241 1395 lll3Loc,
1251 1326 1334 1400 ll),et
1349 1326 1559 1399 ingredientibus
1573 1326 1692 1384 inludent
1703 1328 1858 1385 inculcanda
1868 1339 1912 1386 cst

261 1421 397 1479 Craterum
411 1420 574 1479 inenatabile
593 1421 715 1476 excussis
731 1418 893 1489 protundum
912 1429 970 1487 est,
986 1419 1063 1474 inex·
1114 1430 1144 1476 ut
1167 1420 1325 1477 accedentes
1350 1420 1509 1490 deliberem,
1523 1421 1699 1478 observantes
1721 1434 1911 1493 perseverent,

262 1514 385 1573 tricabile
403 1515 444 1588 (pi
467 1514 593 1585 impactis
612 1512 780 1584 naufragium
801 1522 858 1579 est,
878 1510 1062 1582 irrespirabile
1112 1526 1166 1570 non
1183 1514 1358 1570 observantes
1380 1512 1421 1587 (Ξ)
1445 1514 1599 1571 renuntient
1619 1514 1670 1571 sibi
1693 1514 1737 1587 (i).
1761 1514 1912 1572 Viderimus

264 1608 401 1666 devoratis
422 1606 637 1681 hypobrychium
655 1607 683 1661 in
707 1605 857 1662 idololatria
874 1624 881 1661 ε
897 1605 1062 1677 quicumque
1113 1603 1185 1661 enim
1207 1606 1230 1661 si
1249 1605 1397 1663 secundum
1418 1622 1488 1663 arere
1499 1605 1588 1678 (Gara,
1602 1606 1660 1679 vlt)
1675 1616 1768 1680 typum
1781 1608 1820 1681 (by
1835 1608 1868 1678 li)
1884 1619 1914 1665 et

262 1699 360 1757 ductus
376 1698 435 1771 ejus
454 1698 585 1762 edoceam
605 1698 693 1753 omnis
713 1705 807 1753 vortex
824 1698 883 1768 ejus
904 1698 938 1753 ad
962 1699 1063 1755 inieras
1114 1711 1210 1771 corytus
1224 1706 1251 1754 ct
1263 1698 1360 1769 milvus
1373 1707 1401 1757 et
1417 1699 1496 1772 topps
1510 1707 1538 1756 et
1553 1700 1628 1768 canis
1644 1708 1672 1756 et
1690 1714 1803 1776 serpens
1821 1700 1848 1755 in
1861 1700 1915 1756 Er.-

262 1774 536 1864 desorbetllrldlemo
548 1792 638 1848 dicat:
655 1810 665 1844 r
681 1790 740 1863 quis
750 1800 805 1848 mm
820 1800 877 1848 tuto
889 1791 1063 1863 praecavebit?
1115 1793 1196 1850 clesia
1207 1794 1269 1859 erit,
1291 1803 1366 1850 certe
1388 1793 1544 1850 idololatres
1556 1794 1583 1849 in
1600 1808 1671 1850 arear
1685 1801 1749 1865 typo
1762 1808 1815 1849 non
1830 1793 1917 1850 balre-

262 1887 417 1945 eseuudam
431 1886 574 1944 desaeculo
584 1886 637 1944 erit
649 1902 674 1952 ;r
689 1886 765 1957 qnasi
776 1902 830 1943 nen
849 1888 915 1943 tanti
929 1888 966 1944 sit
976 1887 1062 1955 exire,
1116 1894 1160 1943 tar
1182 1886 1234 1959 (l).
1250 1885 1357 1943 Nullum
1371 1887 1470 1943 animai
1484 1887 1510 1942 in
1524 1886 1682 1944 idololatren
1698 1886 1840 1958 llguratum
1855 1897 1916 1945 esta

241 2058 247 2070 Ι
262 1996 343 2055 qaam
363 1980 523 2039 idololatren
540 1979 682 2037 insaecula
702 1987 786 2037 stare.
800 1978 872 2036 Nibil
885 1993 946 2037 esse
960 1978 1065 2037 facilius
1078 1973 1104 2035 B
1116 1980 1187 2054 quod
1201 1981 1229 2038 in
1250 1996 1312 2039 areo
1323 1996 1377 2038 non
1390 1980 1452 2051 luit,
1466 1982 1494 2038 in
1509 1980 1631 2040 Ecclesia
1646 1995 1702 2039 non
1717 1980 1753 2038 sit
1765 1978 1815 2054 (lt).

736 2220 739 2231 .
855 2145 1058 2245 'mellentis'
1072 2145 1281 2208 VdebNTES.

293 2310 333 2441 gy
348 2311 375 2426 {i
386 2314 489 2363 attenta
503 2309 594 2379 iligalt.
607 2310 706 2365 eccam
728 2307 788 2363 ninii
802 2309 898 2383 Ursini.
1148 2314 1174 2371 te
1200 2313 1367 2379 archetypum
1379 2313 1466 2365 Fran.¹

370 2380 528 2439 crescerent,
541 2376 760 2428 nouobaerterrtes
771 2373 905 2442 abestlttg.
1147 2376 1175 2440 (i
1202 2376 1343 2441 archetypo
1353 2377 1431 2429 Fran.

454 2534 459 2546 ·
944 2526 1230 2593 COMMENTARIUS.

302 2695 340 2772 (a)
354 2694 668 2825 DctJratribttteperartdi
682 2694 794 2763 capiant.
807 2691 915 2765 Optime
928 2691 1064 2749 Pamelius
1151 2691 1185 2767 (l)
1205 2692 1313 2760 Secnra,
1322 2692 1489 2768 siattentalu.
1501 2692 1559 2749 lect.
1572 2690 1917 2762 anrysnsnamatmprsce

267 2770 385 2842 explicat
421 2786 437 2825 c
456 2769 637 2840 eleemosyna.
654 2766 771 2822 Verbum
791 2767 864 2822 enim
883 2766 1001 2836 operari,
1021 2773 1066 2820 est
1115 2765 1237 2836 opusculi
1254 2767 1341 2835 capita
1353 2764 1540 2821 desiderantur
1554 2766 1580 2820 iu
1597 2765 1785 2835 rodicedgob.
1813 2779 1845 2819 ra
1871 2779 1915 2829 re,

180 2837 185 2847 ’
265 2842 356 2913 largiri
376 2841 587 2912 eleemosynam,
602 2838 716 2894 fortasse
736 2838 797 2910 quia
813 2839 882 2892 iuter
897 2835 965 2891 bona
981 2850 1064 2904 opern
1115 2836 1200 2892 secuti
1216 2835 1434 2892 hoclocosumus
1446 2838 1567 2892 codicem
1578 2835 1663 2890 Fuluii
1676 2834 1918 2891 UrsiniEditioncs

265 2929 327 2983 ryuae
340 2912 516 2969 conseruntur
535 2910 670 2974 iratribus,
691 2909 839 2979 priucipem
859 2908 947 2963 locum
967 2906 1065 2963 lrabeat
1115 2908 1250 2976 lllrennni,
1263 2908 1370 2974 Secura,
1393 2908 1416 2962 si
1438 2908 1557 2962 attonita.
1572 2906 1649 2976 Quod
1664 2907 1773 2961 utinimc
1785 2921 1917 2975 spernen-

265 2981 780 3065 eieenrosyna.liincCyprianuslibrum
790 2977 968 3048 inscripsit,tle
981 2979 1065 3047 Opere
1115 2978 1191 3034 dom.
1211 2979 1255 3034 Sic
1280 2980 1353 3035 enim
1368 2979 1436 3034 libro
1458 2980 1493 3033 de
1505 2977 1576 3050 Fuga
1591 2981 1617 3034 in
1634 2992 1742 3048 praese:
1755 2976 1919 3049 Sedquaudo,

265 3064 290 3112 et
302 3055 487 3126 Eleentcayais,
512 3053 558 3109 ubt
571 3067 644 3123 ssepe
658 3053 727 3107 hanc
746 3067 803 3107 rent
818 3052 943 3107 inculcat.
970 3048 1037 3106 Lac.
1118 3048 1190 3105 Dens
1203 3051 1285 3123 magis
1295 3050 1469 3117 aestimant
1481 3066 1539 3104 cunt
1550 3050 1630 3121 irrepis
1640 3049 1804 3113 timetur,rrisi
1815 3051 1842 3102 in
1854 3060 1916 3102 tcm-

256 3184 259 3189 ,
302 3125 456 3201 (b)Lilterte
466 3124 570 3180 aicarioe
583 3125 635 3179 aris
646 3124 737 3178 uestri
758 3123 816 3178 blec
829 3123 946 3179 imitatus
959 3129 1001 3177 est
1012 3122 1066 3193 Cy·
1116 3137 1178 3192 pore
1197 3121 1397 3194 persecutionis?
1412 3121 1483 3176 Tunc
1506 3121 1620 3176 Ecclesia
1633 3123 1660 3173 in
1678 3119 1785 3173 attonita
1795 3129 1842 3174 est.
1856 3120 1914 3173 lite.

265 3200 393 3268 prianos,
406 3198 486 3270 epist.
500 3195 534 3252 ad
549 3194 726 3266 Rogatianum
741 3211 749 3250 :
766 3192 876 3266 diaspra
888 3210 928 3248 me
941 3192 975 3248 ad
989 3208 1065 3249 acres
1156 3192 1196 3268 (ii)
1216 3192 1399 3248 inextricabile
1419 3194 1537 3266 impactis
1566 3191 1731 3263 aaulrapinnt
1748 3200 1795 3246 est.
1811 3190 1916 3245 Lucifer

265 3280 291 3327 ct
303 3270 338 3327 ad
347 3269 434 3325 oculas
444 3279 538 3325 cestros
547 3268 656 3323 nicomas
669 3267 767 3322 litteras
780 3268 862 3321 mitto.
878 3265 938 3321 lita.
1116 3263 1285 3321 calaritanus
1298 3264 1368 3319 dixit
1379 3264 1564 3321 inextricabiles
1578 3261 1704 3332 tenebras,
1729 3261 1777 3318 tib.
1799 3261 1833 3318 dc
1845 3261 1916 3317 Corr-

303 3340 341 3415 (ο)
362 3340 580 3413 Signatoesigrris,
594 3356 646 3393 non
653 3339 712 3409 y'cm
725 3338 916 3401 advocatarum,
930 3333 975 3391 sed
986 3349 1065 3406 ange·
1116 3342 1182 3391 tem.
1197 3350 1269 3391 mor.
1285 3351 1335 3407 pro
1346 3333 1411 3391 Cirr.
1428 3335 1489 3391 lire.

265 3413 360 3467 laram.
377 3412 531 3468 Advocatos
552 3410 628 3477 dicit,
646 3410 692 3480 qui
705 3409 793 3465 amico
805 3406 973 3476 presentiam
987 3420 1063 3460 suam
1152 3406 1194 3481 (b)
1215 3405 1345 3462 desorbet.
1369 3406 1433 3462 llib‘t
1453 3422 1506 3463 trou
1521 3404 1630 3461 dubium
1645 3405 1709 3476 quin
1724 3419 1786 3477 quse
1809 3403 1917 3474 scrips'l

266 3482 475 3539 commodabant
499 3480 648 3551 signando,
676 3478 889 3544 subscribendo,
911 3477 1065 3533 testimonio
1115 3476 1226 3534 Tertull.
1241 3477 1276 3533 de
1297 3478 1491 3555 trypobrycltio,
1511 3477 1546 3533 de
1573 3476 1696 3532 llttctibus
1719 3476 1914 3541 edocentibus,

266 3551 394 3609 dicundo.
401 3552 447 3609 Sic
459 3550 554 3617 Varro,
567 3551 613 3608 lib.
625 3548 701 3615 ll,de
714 3565 744 3605 re
759 3549 950 3619 rust.,cap.5:
966 3546 1006 3601 Ta
1019 3562 1065 3602 aa·
1078 3567 1101 3632 C
1118 3549 1154 3605 de
1165 3550 1268 3605 vortice
1281 3551 1451 3614 desorbente,
1464 3549 1563 3605 dixerit
1581 3563 1644 3603 cum
1659 3557 1784 3618 respectu
1794 3546 1828 3601 ad
1842 3545 1913 3602 aaa·

268 3639 310 3690 ro,
322 3622 417 3687 Earn,
428 3622 485 3677 uerri
494 3622 530 3675 mi
539 3622 687 3686 aduncatus,
698 3620 761 3675 dam
772 3637 841 3675 asses
853 3617 1063 3684 soluoPalilibus,
1118 3621 1218 3687 ribdin,
1234 3620 1357 3677 videlicet
1371 3635 1404 3675 ex
1417 3635 1513 3691 magna
1530 3619 1624 3675 notitia
1639 3618 1719 3688 buius
1742 3618 1843 3674 nautici
1869 3632 1915 3689 pc·

267 3694 289 3750 si
302 3702 390 3766 pastea
401 3710 418 3748 a
429 3701 601 3763 merepetaat,
610 3702 639 3746 nt
648 3691 821 3745 testimoninm
833 3690 962 3758 perbibere
971 3691 1063 3759 possis.
1117 3690 1281 3749 riculiliide
1292 3707 1345 3759 me,
1360 3691 1410 3763 tib.
1423 3690 1457 3747 lil
1471 3690 1593 3757 AEoeid,
1606 3690 1640 3747 ad
1653 3690 1737 3746 illud:

964 3759 1025 3816 lits.
1239 3762 1330 3814 Sorbet
1345 3763 1619 3827 inabruptornauctus.
1727 3759 1788 3811 Lae.

301 3829 1067 3905 canisxli-(o)tretataatotmrtoe.conscntirt³etrrrs
1166 3835 1172 3888 i
1204 3833 1358 3890 Renunticnt
1373 3835 1431 3890 ribi.
1449 3836 1577 3891 Desinant
1590 3849 1651 3891 esse
1663 3832 1814 3889 Christiani.
1830 3831 1892 3889 Ere.

269 3904 442 3979 chrysolog,
453 3919 536 3961 serm.
550 3905 597 3968 Ei,
611 3904 656 3974 utri
679 3905 805 3973 scopulos
818 3912 845 3958 ct
858 3904 932 3958 sinus
945 3911 973 3958 et
985 3900 1065 3968 treta,
1163 3905 1173 3974 y'
1206 3905 1354 3961 Sccnrrrlnm
1368 3921 1436 3962 arcte
1447 3915 1547 3978 typum.
1558 3907 1664 3980 'lypum
1684 3905 1736 3961 irnc
1754 3906 1811 3960 loco
1828 3905 1913 3969 dicit,

267 3992 319 4048 quta
334 3975 541 4049 praetertehitur
553 3976 629 4030 naris
638 3973 784 4039 dominica,
792 3973 869 4030 idest
882 3973 1012 4038 Ecclesia,
1022 3988 1067 4029 ex·
1117 3976 1189 4047 quod
1199 3976 1261 4031 alibi
1274 3977 1439 4048 exemplum,
1454 3980 1607 4049 imaginem,
1624 3977 1749 4044 ligoram,
1762 3990 1915 4032 sacrarucu-

267 4049 349 4121 plicat
361 4062 422 4105 esse
435 4056 492 4103 tum
512 4047 681 4102 extrinsecus
695 4046 815 4115 gentium
829 4046 925 4110 rooles,
938 4059 998 4114 quae
1013 4061 1065 4100 un·
1118 4057 1186 4114 tom,
1197 4046 1366 4119 mysterium,
1381 4049 1594 4113 similitudinem,
1603 4050 1729 4120 enigma,
1743 4047 1913 4117 parabolam,

267 4119 402 4176 dabundce
415 4118 637 4190 illamquationt‚
651 4126 707 4171 tum
720 4115 1066 4172 intrinsecustumidoslrae·
1116 4122 1286 4185 memoriam,
1310 4118 1479 4190 allegoriam,
1498 4121 1650 4191 speculum,
1668 4120 1914 4188 comparationem,

268 4191 416 4248 reticorum
424 4189 531 4255 linctus,
545 4189 590 4260 qui
605 4188 709 4244 irruunt
719 4188 815 4243 ineam
826 4195 854 4243 et
865 4187 988 4242 saeuiunt.
997 4185 1063 4242 Lac.
1117 4188 1250 4256 umbram,
1266 4189 1403 4245 nebulam.
1420 4190 1530 4246 llieron.
1545 4189 1642 4258 lib.,ll
1663 4190 1770 4246 advers.
1791 4188 1917 4244 latiaris-

304 4260 343 4337 (e)
367 4259 501 4332 l'cliyicata
515 4261 607 4332 spiritu
622 4259 682 4314 Dei.
704 4259 828 4315 llaecvox
847 4261 956 4314 ductori
972 4268 1065 4313 nostro
1115 4275 1192 4324 num,
1209 4258 1296 4332 Typas
1306 4262 1438 4332 sanguinis
1452 4260 1558 4328 Cariati,
1570 4264 1668 4318 ninam.
1810 4260 1875 4316 Las·

267 4333 422 4405 peculiaris,
437 4333 506 4389 inter
518 4340 616 4388 coetera
630 4330 735 4396 clieeit,
759 4339 788 4385 ut
800 4329 878 4386 Sixto
889 4330 1002 4392 Senensi
1017 4344 1063 4384 as·
1152 4330 1193 4405 (a)
1203 4330 1280 4399 Quod
1289 4332 1316 4386 in
1325 4349 1386 4387 arca
1395 4335 1510 4405 coaluit,
1520 4334 1548 4388 in
1557 4333 1672 4388 Ecclesia
1684 4348 1736 4388 aon
1747 4332 1790 4386 rit.
1799 4330 1915 4401 Epipirn

264 4405 379 4472 sentiar,
393 4402 465 4475 quod
489 4403 607 4459 carmina
622 4402 667 4458 ilia
688 4401 803 4458 Genesis
817 4410 847 4458 et
864 4400 990 4457 Sodomae
1004 4415 1065 4471 que
1116 4418 1196 4458 nemu
1216 4403 1285 4458 istud
1305 4404 1441 4473 prioribus
1459 4405 1600 4475 longeest
1618 4405 1769 4460 obscurius.
1793 4402 1848 4457 lloc
1868 4402 1913 4456 iu·

265 4489 341 4531 ame
355 4484 418 4546 post
437 4474 577 4531 blorelium
604 4473 797 4544 etEabricium
813 4471 844 4528 B.
863 4471 998 4545 Cypriane
1016 4472 1064 4528 ad·
1075 4470 1103 4532 D
1116 4475 1194 4529 terim
1206 4475 1277 4530 uelle
1289 4473 1403 4530 videtur.
1421 4474 1489 4531 Com
1506 4479 1532 4531 in
1551 4490 1613 4530 area
1632 4474 1690 4532 Noe
1709 4474 1809 4529 luerint
1824 4473 1915 4527 ornrris

265 4548 366 4619 scripta
387 4555 462 4612 sunt,
475 4545 631 4603 Tertulliani
645 4560 706 4601 esse
720 4554 822 4616 putem.
836 4544 905 4600 Part.
919 4574 956 4585 -
973 4541 1064 4612 Veliyi·
1115 4545 1223 4616 generis
1241 4545 1377 4612 animalia,
1398 4546 1496 4602 munda
1515 4554 1628 4617 septena
1658 4556 1687 4602 et
1704 4556 1835 4615 septena,
1860 4542 1913 4598 im-
1931 4556 1935 4563 ’

266 4629 325 4673 cata
354 4618 447 4691 spirito
458 4615 519 4672 Dei.
534 4615 604 4685 Quia
625 4616 669 4672 iric
681 4615 734 4671 sibi
757 4615 824 4671 uelit
844 4615 980 4671 Paurelius
1010 4629 1064 4669 nou
1116 4615 1216 4671 aranda
1235 4616 1690 4685 veroduoetduo,exclusceuero
1705 4615 1806 4672 iruerint
1828 4614 1916 4671 idolo-

265 4690 333 4746 sotis
350 4703 491 4761 assequor,
510 4702 566 4744 ves
577 4687 679 4814 suippe
691 4687 814 4768 ratimari
825 4686 942 4758 vulgaris
959 4694 1020 4750 est,
1036 4693 1065 4743 et
1114 4686 1201 4744 latriae
1215 4702 1321 4754 omnes,
1334 4691 1521 4777 consequitur,
1536 4698 1566 4744 ut
1597 4688 1650 4745 uod
1665 4688 1692 4744 in
1703 4702 1765 4744 arca
1780 4703 1832 4742 non
1846 4686 1914 4749 luit.

266 4760 367 4831 passim
380 4767 504 4816 occurret
524 4774 576 4828 apu
621 4773 712 4814 aureae
732 4758 880 4815 latinitatis
894 4757 1061 4829 scriptores,
1114 4759 1141 4813 in
1161 4758 1282 4815 Ecclesia
1297 4776 1350 4816 non
1364 4761 1410 4816 sit.
1421 4761 1488 4816 laam
1504 4761 1576 4834 cairo
1609 4757 1745 4816 cclesied
1765 4772 1917 4831 uramgcs·

264 4837 293 4888 et
304 4831 332 4886 in
345 4845 379 4888 ea
392 4830 477 4888 lerme
491 4845 582 4889 senso.
595 4830 635 4887 La
648 4829 697 4887 Pa.
1114 4830 1184 4889 sisse
1196 4830 1277 4889 tradit
1289 4830 1333 4889 bic
1352 4841 1455 4903 auctor,
1466 4831 1514 4890 lib.
1530 4832 1565 4889 de
1577 4832 1725 4905 baptismo.
1740 4776 1809 4887 ῧιιι.

292 5578 364 5631 Hunc
390 5576 421 5630 ad
447 5577 575 5646 Scapulam
597 5579 706 5641 librum,
728 5579 776 5631 etsi
804 5576 880 5631 luerit
909 5582 1060 5643 postmsce·
1110 5579 1144 5629 ob
1154 5580 1294 5632 nonnullam
1302 5585 1381 5635 retntis
1390 5584 1547 5645 relationem,
1557 5586 1593 5637 uti
1602 5581 1742 5635 sidereast
1757 5583 1781 5632 ia
1791 5579 1916 5634 disserta-

289 5642 488 5694 ammaueore
511 5644 707 5703 moanalsmum,
718 5642 833 5694 omnibus
854 5641 909 5692 lere
921 5642 1061 5694 condienti-
1111 5641 1221 5693 linaei).
1234 5643 1270 5694 Le
1282 5644 1376 5712 Nourry
1394 5646 1455 5700 inira
1474 5647 1610 5710 afferenda,
1627 5648 1712 5698 smum
1730 5644 1917 5710 subjiciendum

278 5716 316 5763 us,
329 5710 455 5766 exemtus,
475 5713 559 5756 tamen
570 5704 625 5755 aliis
636 5705 835 5770 precedentibus
844 5710 904 5756 ante
914 5703 1059 5756 Tertulliani
1111 5702 1305 5763 desiderandis».

260 5764 355 5827 tapsum
366 5767 1062 5832 composidstumobrerunoooaexiouemtumlorsaa
