4242 6259
144 350 204 426 tub

597 363 643 423 Ac
661 358 834 424 odenatus
854 359 1073 422 SCRIPTORUM
1091 361 1336 426 reprobemur.

1734 79 1757 128 ὖ

1706 367 1802 432 ’130

149 480 244 549 locus,
259 480 349 552 inque
360 476 443 536 rerba
458 475 612 535 Tertulliani
626 477 728 536 nullum
739 493 839 536 anuum
854 488 951 550 prater
964 483 991 540 A
1002 488 1110 547 mente,
1127 480 1223 538 librum
1244 482 1278 538 de
1300 480 1405 539 Corona
1423 482 1458 540 ad
1480 481 1616 543 decimum
1642 485 1731 545 Seueri
1749 502 1803 546 art-

146 573 436 644 cucullamque
460 586 541 644 posse
553 570 684 639 defendit.
705 583 814 630 nonest
832 571 950 643 aequiore

145 663 217 723 lore
229 674 366 721 tractatus.
377 662 485 719 Etcaim
495 663 566 734 quod
575 662 653 720 iseum
664 664 851 720 liberalitatem
865 663 952 719 Seueri

144 757 285 814 exstitisse
295 764 358 812 ante
370 755 572 825 expeditionem
585 755 734 825 parthicam
745 764 828 827 potat,
844 755 870 812 id
886 769 952 812 tero

145 845 231 903 babet
249 847 367 919 aliquam
388 846 604 918 ambiguitatem.
619 845 686 903 Nam
707 848 730 903 si
755 848 805 902 ista
825 847 866 903 bis
879 846 950 904 edila

145 947 201 1006 est,
220 939 336 1010 primum
349 940 384 994 A.
398 937 525 995 excell.
545 950 607 1007 post
625 937 740 994 reditum
757 938 853 1005 Seueri,
869 954 950 1008 quotu

145 1031 288 1087 memoriae
313 1030 434 1101 prodidit
457 1028 634 1097 licrodinaas,
649 1029 748 1087 deinde
763 1034 795 1087 A.
809 1030 949 1089 clcttll.

145 1129 211 1177 onte
235 1120 336 1178 bellum
355 1120 486 1178 aduersus
511 1121 626 1178 Pambos
652 1132 827 1193 susceptum,
843 1125 949 1195 qualem

146 1213 306 1285 Spartianus
329 1215 454 1280 tradidit;
481 1214 549 1281 bac,
572 1215 610 1271 uti
632 1216 759 1283 diximus,
785 1219 950 1275 nullomodo

144 1313 238 1377 potest
252 1304 378 1377 intelligi,
402 1321 454 1363 nec
468 1305 574 1363 ridetur
588 1307 721 1363 intellecta
743 1309 777 1365 ab
802 1309 888 1376 Oraia,
904 1311 949 1381 qui

145 1397 181 1452 ud
194 1411 256 1454 estu
271 1413 332 1453 reta
353 1398 565 1454 cottlirmandam
582 1397 883 1471 lletodiauaateitari13
905 1402 950 1458 illa

144 1503 213 1546 sero
226 1489 260 1546 nd
272 1506 329 1546 rem
344 1491 411 1546 nibil
434 1491 499 1546 iacit
516 1491 627 1549 omniuo
650 1505 804 1564 propterea,
831 1493 902 1565 quod
917 1509 950 1549 eo

145 1595 224 1641 anno
246 1584 362 1640 nondum
390 1594 450 1644 erat
475 1585 582 1658 Artpani
596 1585 712 1659 dignitas
738 1587 764 1643 in
788 1587 951 1643 Caracallum

146 1677 331 1734 colluctasse
353 1678 380 1734 in
408 1678 441 1734 iis
462 1678 538 1747 loeis,
554 1693 622 1750 quos
635 1695 670 1752 ex
687 1678 839 1736 Tertulliani
851 1679 951 1753 Apolo-

146 1770 235 1842 peticn
247 1787 271 1827 c.
288 1769 332 1828 55.
349 1770 471 1843 libroque
485 1770 519 1826 ud
535 1770 678 1843 Scapulam
696 1786 721 1828 e.
736 1773 764 1828 l.
780 1773 878 1839 attulit,
897 1788 950 1829 non

966 644 968 652 γ
1004 586 1068 627 num
1082 571 1176 628 referri
1190 575 1336 644 oportebit.

1038 683 1053 757 g
1079 686 1106 741 l.
1133 715 1169 727 -
1204 684 1319 756 Dcttique
1338 686 1449 745 Pamelii
1467 700 1492 747 et
1514 691 1619 759 Alliaii,

1003 778 1071 834 itanc
1090 780 1251 850 conjecerant
1272 782 1299 836 ta
1321 781 1352 835 A.
1368 780 1463 839 CClX.

1643 692 1687 765 qai
1709 693 1802 751 lteram

1488 782 1597 841 Decreta
1619 785 1802 857 explodantur.

1039 892 1080 950 Ad
1093 894 1217 948 Allirium
1227 895 1316 964 tenio,
1325 894 1511 954 doctissimum
1521 897 1620 966 uirum,
1629 914 1708 970 quem
1719 901 1804 960 miror

1002 995 1057 1044 tum
1080 988 1195 1044 docilem
1216 1004 1246 1046 se
1267 991 1413 1060 praebuisse
1428 973 1461 1047 ad
1477 989 1588 1047 Pataelii
1607 995 1802 1064 essntetttiam,

1001 1099 1055 1155 quo
1074 1083 1179 1152 dubito,
1193 1099 1227 1139 att
1249 1085 1310 1157 quis
1333 1085 1418 1154 magis
1439 1097 1532 1142 contra
1545 1087 1664 1158 auspicia
1686 1087 1718 1144 ad
1734 1086 1801 1144 deli·

1003 1176 1129 1231 triettdam
1151 1178 1312 1247 scriptorum
1335 1176 1488 1234 Tertulliani
1510 1188 1617 1236 aetatetu
1637 1180 1803 1238 aecemeritl

1002 1268 1091 1338 Atque
1110 1267 1155 1323 isti
1169 1266 1294 1334 Pamelia,
1309 1272 1436 1341 quoniam
1452 1270 1620 1327 liberalitatis
1635 1273 1799 1330 mentionem
1881 1287 1884 1292 ·

1003 1358 1178 1417 Tertullianus
1203 1361 1304 1432 injicit,
1319 1361 1424 1418 libellus
1446 1363 1480 1418 ad
1505 1362 1740 1435 nectuntque
1761 1364 1796 1421 ad

1003 1450 1156 1506 decennalia
1172 1452 1297 1508 Aaronini
1312 1453 1389 1525 plane
1402 1453 1561 1512 referendus
1573 1455 1678 1513 ridetur
1691 1455 1737 1530 (ln
1750 1458 1801 1514 sita
1837 1482 1839 1485 ·

1002 1543 1170 1626 Tertulliani,
1186 1548 1383 1619 promissorias
1395 1548 1514 1618 operibus
1529 1565 1545 1602 a
1560 1547 1689 1616 Pautalia,
1703 1549 1800 1606 Calon.

1003 1638 1085 1695 loll.
1099 1638 1190 1695 editis.
1206 1656 1233 1710 p.
1246 1638 1293 1694 22.
1310 1638 1370 1710 R).
1386 1639 1439 1696 Sed
1458 1640 1518 1710 ejus
1536 1640 1643 1712 quidem
1656 1641 1802 1698 liberalita-

1002 1737 1058 1787 tem
1083 1732 1110 1787 ip
1139 1733 1197 1787 istis
1224 1731 1416 1788 decennalibus
1445 1733 1596 1800 exstitisse,
1627 1749 1680 1789 uon
1706 1732 1803 1805 probat

145 1872 201 1931 est,
213 1861 286 1935 quod
299 1863 390 1919 munis
404 1879 553 1920 versemur·
566 1864 634 1920 Sum
646 1865 719 1921 enim
732 1845 775 1921 isti
791 1880 806 1920 a
820 1867 898 1920 nobis
912 1867 950 1921 ei·
965 1848 990 1909 B
1006 1822 1149 1890 Paterclias,
1164 1822 1211 1878 scd
1232 1823 1311 1896 planu
1325 1823 1400 1894 itngit
1413 1823 1446 1879 atl
1460 1821 1610 1880 libidinem.
1625 1823 1726 1881 Tamen
1749 1824 1803 1881 alio

147 1954 213 2012 dem
235 1971 307 2012 antro
324 1954 462 2012 except.
485 1970 517 2012 ne
538 1958 662 2027 sequenti
679 1957 826 2026 vindicati,
849 1957 952 2027 absque

146 2048 416 2106 ullocausaenostrae
433 2050 613 2118 detrimento,
629 2060 792 2123 cutemque,
814 2049 877 2106 dunt
900 2051 949 2107 do·

146 2143 243 2197 natira
263 2150 337 2197 extra
359 2140 473 2208 llopnam
490 2140 634 2198 distributa
661 2158 722 2200 esse
741 2143 881 2210 nouimus,
902 2156 950 2199 sua

148 2245 254 2305 sponte
265 2233 418 2290 concidunt.

228 2387 285 2460 33.
303 2419 339 2432 -
350 2389 458 2448 Barouii
479 2401 628 2464 arqutueuto
650 2393 825 2448 cancellantur
841 2408 888 2465 pro

463 2483 495 2538 A.
510 2482 633 2540 CTGlX.

182 2613 298 2672 nesam
319 2617 353 2675 de
365 2633 436 2674 antro
456 2620 549 2692 scripti
573 2621 651 2693 bajus
667 2620 750 2679 libelli
763 2622 870 2679 decreta
894 2621 947 2679 Bn-

145 2708 216 2765 tardi
249 2720 331 2782 atque
358 2710 471 2768 Pomelii
504 2714 539 2770 ita
566 2715 739 2786 comparata,
773 2729 800 2772 ut
834 2717 948 2790 corunelli

148 2803 226 2859 nollo
239 2806 348 2876 negabo
363 2807 476 2876 possint.
490 2806 611 2879 Namque
620 2806 748 2863 baronias
762 2807 809 2879 (V.
825 2809 883 2879 ejus
897 2810 950 2865 An-

146 2897 220 2951 stales
235 2895 385 2953 Ecclesiast.
408 2899 441 2955 ud
456 2916 481 2955 o.
501 2900 567 2957 ccl,
589 2911 654 2957 lom.
670 2901 704 2958 ll.
724 2902 768 2958 ed.
783 2903 843 2960 Col.
866 2902 947 2960 teon.

146 2999 212 3059 pag.
227 2987 345 3061 Tibine
358 2991 493 3062 probaret,
519 3007 580 3047 eum
602 2993 699 3050 librum
723 3004 861 3050 exaratum
888 3009 949 3052 esse

147 3076 249 3133 scel.
261 3090 404 3152 antequam
415 3082 524 3138 Seruus
536 3083 749 3155 proficisceretur
761 3088 786 3142 in
799 3088 948 3157 Orientem,

146 3168 314 3236 b.e.,ulnos
324 3172 396 3244 loqui
407 3174 948 3247 rectiussolemus,A.CllClll.,notumutn
962 3212 985 3276 c
1001 3217 1042 3272 γῆς
1064 3215 1173 3271 omnino

147 3262 269 3328 excitat,
284 3264 361 3334 cuius
376 3265 460 3320 altera
476 3280 538 3337 pars
553 3267 675 3323 Seuerum
689 3285 750 3325 cnm
770 3269 816 3326 Tr.
838 3271 868 3328 t.
886 3271 947 3342 xl,

148 3352 241 3409 altera
263 3355 446 3415 liberalitatem
461 3358 495 3414 V.
511 3361 605 3429 babel,
621 3361 748 3434 additque
771 3367 855 3422 tttnlto
868 3368 949 3423 etiarn

151 3449 356 3503 ussermannus
369 3467 376 3504 :
389 3450 456 3505 burte
472 3468 603 3507 numatam
616 3455 651 3508 nd
663 3471 704 3509 res
717 3466 834 3521 nostrus,
848 3458 881 3512 de
893 3459 950 3529 qai·

149 3536 204 3593 dus
231 3539 312 3593 acturi
333 3556 429 3610 umus,
450 3545 576 3615 pertinere
599 3557 668 3601 certo
692 3547 768 3603 scios.
784 3548 861 3615 Qttotl
884 3550 949 3605 milti

146 3629 262 3687 ridetur
283 3646 316 3688 eo
327 3633 483 3704 planissime
504 3637 586 3693 modo
609 3638 728 3706 dietum,
744 3655 798 3711 quo
812 3641 876 3696 olim
896 3642 949 3714 Pp·

147 3720 374 3794 tbagoscei,cum
399 3741 433 3784 ct
457 3728 491 3784 iis
512 3739 687 3801 quaereretur,
712 3748 795 3804 qnare
825 3735 860 3790 ita
884 3736 949 3808 quid

146 3825 237 3882 esset,
259 3816 325 3873 illud
348 3833 427 3875 suom
442 3821 497 3891 ipsc
514 3823 580 3878 diait
605 3825 777 3895 interponere
802 3828 947 3897 solebant3

146 3907 217 3965 nibil
231 3919 275 3965 est
292 3911 365 3967 euim
384 3911 420 3966 ab
432 3928 466 3968 eo
485 3912 592 3970 Bacenis·
603 3915 683 3972 eliam
698 3919 811 3976 ueritate
830 3920 949 3990 elisione·

146 3999 214 4055 tius.
237 3999 306 4055 llam
326 4015 389 4057 eum
411 4003 484 4060 clare
507 4005 607 4071 trudat,
621 4022 720 4063 annum
742 4009 789 4066 Tr.
815 4011 844 4066 P.
862 4012 949 4067 Serui

144 4092 297 4163 septimam
307 4106 342 4149 eo
353 4107 426 4149 antro
440 4095 543 4151 initium
553 4100 713 4170 sumpsisse,
725 4112 754 4157 et
765 4113 853 4159 tamen
869 4119 949 4159 nurn-

145 4201 224 4241 mum
236 4187 338 4244 excitet
350 4202 411 4244 cum
426 4188 472 4246 Tr.
494 4191 525 4246 T.
539 4191 585 4246 xl.
600 4192 645 4263 qui
661 4194 738 4265 plane
752 4195 787 4250 ad
809 4198 841 4250 A.
858 4196 947 4252 cclv.

146 4286 206 4343 sut,
220 4279 246 4334 si
260 4266 345 4335 ruatis
357 4294 418 4336 cum
445 4283 504 4353 ipso
523 4281 644 4350 llarauio,
657 4286 691 4343 ad
709 4291 760 4343 An.
779 4284 867 4344 ccvi.
884 4287 951 4345 rete·

145 4372 253 4429 nodus
263 4381 323 4439 erm
337 4389 427 4431 nonne
436 4380 611 4448 repugnantia
622 4378 756 4450 loquitur?
768 4382 808 4437 Ac
817 4380 852 4436 de
864 4382 950 4438 altero

146 4465 211 4535 ejus
224 4477 383 4536 argumento
397 4468 461 4539 quid
474 4468 579 4524 dieatnl
593 4471 664 4543 qaod
678 4472 754 4528 duxit
766 4474 800 4529 ub
813 4489 864 4538 eo,
877 4475 949 4547 quod

148 4564 217 4611 anm
235 4555 304 4614 batte
320 4559 520 4629 expeditionem
535 4561 689 4620 l'nrtbicam
702 4566 794 4634 nullae,
818 4578 876 4638 post
889 4584 948 4624 earn
961 4575 1008 4636 Ι),

146 4648 246 4706 multae
258 4652 424 4709 calamitates
437 4652 646 4712 christianorum
661 4659 824 4717 exstiterint.
839 4659 868 4717 lu
895 4678 949 4734 quo

148 4741 276 4812 peccarit
294 4741 452 4815 dupliciter;
466 4745 599 4817 primum,
614 4749 687 4821 quod
710 4765 756 4807 eas
780 4761 844 4809 ante
867 4752 950 4812 luisse

147 4835 309 4905 manmit,
324 4853 404 4909 quam
420 4837 557 4909 prolectus
571 4843 606 4898 sit
621 4842 730 4901 Scaeae
744 4845 872 4904 adversus
884 4848 948 4904 Par·

148 4926 225 4996 thos,
239 4929 337 4987 deinde
359 4930 431 5001 quod
455 4933 553 4989 librum
575 4935 607 4990 de
626 4925 727 5012 Corona
746 4954 779 4996 eo
793 4940 825 4994 dc
838 4942 948 5013 Specta·

1003 1916 1120 1988 quodam
1146 1917 1206 1973 luco
1230 1915 1359 1994 (lunatis
1382 1918 1416 1971 ad
1439 1919 1506 1974 batte
1523 1919 1632 1989 libram,
1655 1935 1716 1992 pag.
1735 1919 1801 1977 21⁰.

1002 2026 1030 2065 n.
1056 2011 1096 2079 l.)
1112 2009 1146 2065 ad
1171 2025 1308 2066 nummum
1333 2021 1459 2081 prouocat
1473 2013 1541 2068 dicis
1565 2025 1802 2083 nauseantemque

1003 2101 1083 2174 bajus
1110 2105 1260 2174 argumenti
1283 2121 1292 2159 ε
1315 2102 1386 2176 lmp.
1402 2102 1467 2160 Ces.
1484 2102 1516 2157 l.
1541 2104 1612 2175 Sept.
1636 2104 1697 2160 Sca.
1727 2103 1800 2159 Pert.

1001 2194 1060 2267 Aug
1063 2233 1118 2250 .....
1144 2193 1297 2250 Liberalitas
1320 2193 1406 2266 Aapg.
1440 2193 1493 2250 se.
1520 2193 1570 2250 tlte
1594 2195 1710 2265 primunt
1735 2193 1801 2252 milti

1002 2289 1063 2358 quis
1082 2287 1171 2355 dicut,
1186 2287 1294 2344 ubinam
1313 2287 1367 2342 siut
1387 2286 1573 2343 decenttalium
1588 2286 1680 2342 nolae?
1700 2285 1802 2344 Deinde

1001 2394 1063 2437 curu
1083 2396 1133 2450 ego
1155 2394 1209 2435 non
1229 2381 1361 2450 ignorem,
1379 2379 1501 2435 Seuerum
1522 2389 1550 2435 et
1568 2376 1729 2436 Caracallum
1751 2377 1802 2434 mi·

1002 2472 1093 2529 litibus
1105 2474 1256 2544 populoque
1265 2473 1445 2529 communiter
1458 2472 1530 2528 uliud
1540 2472 1646 2529 dedisse
1663 2474 1689 2528 iu
1703 2473 1801 2529 decen-

1001 2567 1121 2632 nulibus;
1138 2567 1257 2636 nunquid
1282 2566 1357 2637 plura
1381 2566 1423 2623 ltis
1453 2567 1588 2638 congiaria
1603 2582 1655 2623 non
1671 2577 1734 2624 suttt
1754 2577 1801 2625 aut

1000 2659 1127 2715 donativa
1139 2659 1229 2713 edicat
1245 2657 1404 2715 Nemorum
1427 2657 1454 2715 id
1470 2659 1578 2729 quidem
1600 2658 1702 2730 absque
1716 2669 1801 2717 teme·

1001 2751 1080 2807 ritate
1104 2761 1150 2807 aut
1166 2752 1314 2823 ignorantia
1336 2751 1445 2808 dixerit.
1468 2751 1535 2815 lmo,
1551 2752 1683 2824 siquidem
1706 2752 1799 2812 Pante-

1001 2843 1050 2898 lius
1073 2858 1156 2899 ausus
1170 2854 1212 2900 est
1223 2844 1284 2899 aliis
1298 2845 1443 2900 obtrudere
1455 2859 1556 2899 annum
1569 2841 1681 2901 cuttu.
1697 2846 1800 2918 absque

1001 2935 1075 2991 ontni
1086 2935 1191 2991 ratione
1205 2935 1319 3003 idonea;
1335 2935 1413 2992 nobis
1428 2937 1545 2992 uicissim
1561 2952 1615 2993 non
1631 2947 1719 3008 potest
1732 2940 1797 2997 nitio

1001 3027 1081 3090 uerti,
1097 3026 1121 3082 si
1134 3043 1233 3083 annum
1246 3026 1310 3085 trel.
1325 3027 1523 3098 intelligantus;
1540 3028 1591 3085 boc
1602 3031 1674 3085 eninr
1687 3025 1758 3084 ann'o
1770 3038 1799 3086 et

1002 3119 1150 3176 liberalitas
1163 3120 1233 3175 edita
1247 3129 1299 3186 est,
1313 3129 1340 3175 et
1357 3120 1392 3175 ab
1407 3120 1534 3191 Augustis
1548 3120 1640 3176 etiam.
1656 3122 1690 3176 At
1702 3134 1798 3191 quam·

1187 3215 1301 3283 turpiter
1313 3227 1343 3268 se
1365 3213 1423 3283 ipse
1438 3211 1558 3279 dederit,
1575 3221 1665 3268 tamen
1685 3211 1798 3267 Altinius

1000 3305 1266 3383 (intercantantur.
1287 3306 1319 3359 dc
1329 3302 1482 3358 Tertulliani
1500 3304 1550 3358 uita
1562 3313 1587 3358 cl
1606 3303 1718 3374 scriptis,
1733 3317 1794 3373 cup.

1002 3401 1047 3457 vl.
1062 3418 1088 3471 p.
1103 3400 1161 3471 te.)
1177 3399 1288 3455 secessit
1302 3398 1328 3453 in
1343 3397 1403 3467 eius
1416 3399 1596 3463 seutentiam
1611 3411 1672 3451 nam
1686 3396 1713 3453 iu
1730 3396 1799 3453 libro

1001 3493 1033 3548 de
1047 3492 1165 3559 Corona,
1186 3491 1290 3561 inquit,
1306 3491 1438 3544 excitatur
1459 3487 1566 3544 libellus
1590 3487 1795 3562 aeppeetaeuln,

1001 3589 1046 3660 qui
1062 3591 1178 3659 scriptus
1190 3597 1233 3641 est
1246 3587 1279 3640 A.
1293 3582 1382 3639 cclv,
1399 3582 1426 3638 ld
1443 3597 1507 3638 nero
1521 3584 1610 3653 inepte
1622 3582 1723 3660 dictam
1736 3597 1799 3641 esse

1001 3680 1157 3747 aPaatelio,
1169 3695 1248 3751 quern
1260 3692 1341 3733 unum
1355 3677 1487 3747 sequitur,
1500 3674 1576 3731 iacile
1589 3675 1728 3747 intelliget,
1739 3676 1786 3748 qui

1001 3788 1116 3842 eantque
1127 3786 1218 3825 secum
1231 3767 1395 3840 reputaverit
1405 3781 1448 3834 ea,
1458 3782 1517 3836 qun
1525 3780 1606 3835 supra
1616 3766 1650 3822 de
1661 3766 1712 3822 isto
1722 3764 1800 3822 libel·

1000 3864 1028 3920 lo
1037 3862 1276 3934 pronuntiatarum
1290 3875 1387 3930 aeque,
1396 3861 1418 3914 si
1429 3872 1522 3913 nerum
1532 3857 1582 3914 boc
1590 3868 1673 3923 esset,
1683 3859 1799 3915 maxime

1000 3955 1035 4011 de
1056 3968 1090 4011 eo
1104 3969 1186 4025 super
1208 3951 1379 4021 Spectaculis,
1396 3964 1519 4006 caussam
1530 3964 1591 4006 esse
1608 3948 1796 4021 perspicimus,

1000 4065 1165 4126 quapropter
1187 4051 1255 4108 liber
1277 4050 1309 4105 dc
1331 4048 1431 4105 Corona
1452 4048 1485 4104 ad
1508 4049 1541 4104 A.
1556 4045 1669 4105 ccttll.
1687 4062 1741 4103 non
1764 4045 1798 4103 ad

999 4147 1082 4204 alium
1105 4144 1198 4202 reterri
1222 4145 1342 4199 deberet.
1370 4141 1463 4211 neque
1485 4140 1519 4197 ad
1534 4145 1600 4208 {eant
1621 4155 1680 4197 rem
1702 4137 1798 4197 deien-

1002 4238 1118 4296 dendam
1139 4237 1238 4294 rectius
1251 4233 1371 4289 adbibnit
1393 4247 1499 4288 errores
1521 4231 1742 4288 llotttunistarum
1769 4231 1796 4286 in

1001 4332 1072 4389 libro
1082 4332 1113 4386 de
1126 4330 1227 4384 Corona
1239 4335 1422 4383 occurrentes.
1434 4327 1507 4391 Quos
1521 4325 1645 4396 equidem
1671 4325 1713 4381 isti
1730 4322 1799 4381 libro

975 4455 979 4462 ·
1001 4442 1055 4482 non
1076 4440 1144 4494 nugo
1158 4423 1262 4489 ittesse;
1278 4421 1325 4476 sed
1345 4434 1379 4476 eo
1402 4427 1561 4490 argumenta
1584 4416 1610 4473 id
1630 4433 1710 4488 posse
1728 4415 1798 4474 ellici

1002 4515 1073 4587 quod
1086 4516 1198 4576 debeat,
1211 4511 1263 4567 boc
1277 4526 1340 4567 vero
1353 4524 1490 4581 nunquam
1506 4508 1678 4579 percipietur,
1699 4507 1749 4563 nisi
1763 4504 1798 4561 ab

1002 4608 1046 4674 tis,
1060 4607 1106 4680 qui
1117 4607 1224 4663 demum
1239 4620 1273 4659 eo
1288 4617 1359 4659 anno
1373 4601 1561 4658 Tertullianum
1575 4606 1668 4671 putant
1677 4597 1711 4652 ad
1721 4597 1797 4653 lloa·

1001 4699 1115 4757 tuttistas
1129 4697 1278 4753 transiisse.

1001 4815 1015 4889 5
1034 4816 1062 4873 tl.
1081 4812 1202 4869 -lttter
1214 4821 1318 4879 utaque
1330 4810 1363 4865 dc
1371 4806 1449 4866 Gallu
1460 4806 1612 4877 intimum
1623 4804 1701 4862 simul
1715 4806 1797 4864 cdittts

1063 4908 1204 4964 ostenditur
1216 4915 1306 4962 contra
1319 4900 1468 4959 Panteliutu
1482 4911 1510 4957 et
1524 4897 1736 4959 Tillemonlium.

130 5019 218 5105 ‘selis
226 5022 414 5092 posteriorem
428 5016 496 5100 esse
513 5041 567 5082 non
591 5008 861 5104 cogitaveruntque
884 5035 949 5092 illud
1038 5023 1171 5083 sedeatis
1194 5021 1240 5079 diu
1255 5037 1304 5078 nos
1328 5018 1414 5076 tenuit
1437 5016 1472 5073 de
1505 5017 1575 5075 libro
1596 5016 1798 5090 superdonans

124 5109 352 5192 ''malaurimus
369 5132 420 5174 suo
437 5116 583 5186 loco;·boe
601 5137 667 5180 roro
690 5125 728 5183 ati
748 5142 828 5188 nemo
851 5142 950 5200 negare
1001 5121 1151 5185 institutum
1176 5120 1264 5189 itaque
1286 5115 1364 5172 nobis
1385 5122 1427 5170 est
1449 5115 1648 5185 properandum
1672 5113 1706 5170 ad
1730 5112 1799 5169 alios

147 5207 254 5277 pulsat,
271 5206 323 5264 nisi
337 5209 381 5264 cui
394 5210 514 5268 tenebrae
524 5212 579 5268 sint
595 5216 864 5292 meromeridielest
877 5219 948 5275 enim
1001 5214 1132 5286 qttosdam
1154 5212 1253 5278 libros,
1266 5220 1293 5266 et
1317 5224 1365 5266 eos
1388 5209 1522 5288 quidem,
1543 5224 1612 5279 quos
1624 5205 1799 5270 Tertullianus

147 5307 178 5355 et
190 5295 526 5376 ornatissimorum),
540 5305 576 5360 ita
589 5304 949 5384 derexalioneeltristiano-
1002 5306 1034 5362 dc
1052 5305 1129 5361 Culta
1143 5305 1295 5371 [mairacum
1316 5302 1478 5371 composuit.
1494 5302 1582 5369 Atque
1597 5297 1640 5354 bie
1655 5311 1709 5353 nott
1722 5297 1798 5353 ride·

138 5399 224 5458 'runq
236 5391 391 5462 legeSeucri
404 5397 568 5469 antiquiore,
580 5414 633 5455 nou
649 5409 737 5472 potest
747 5416 838 5459 sermo
848 5419 909 5461 esse
921 5397 965 5461 itt'·
1001 5409 1075 5455 tura
1091 5395 1259 5465 suscipiende
1279 5394 1462 5465 dl⁵b⁰¹²¹l0¹¹⁰
1476 5390 1606 5456 Alienum·
1621 5389 1798 5460 lillssss'lllae·

146 5497 184 5542 eo
201 5483 236 5538 dc
248 5482 364 5556 Corona,
377 5488 425 5545 obi
446 5489 584 5547 christiani
605 5473 733 5550 dicuutur
751 5495 818 5552 istus
836 5498 947 5568 eulatni·
1000 5508 1131 5561 monuere,
1146 5490 1232 5562 qualis
1246 5489 1327 5545 luerit
1346 5489 1410 5550 olim
1436 5487 1531 5542 borum
1550 5484 1680 5540 librorum
1700 5482 1797 5539 inseri·

147 5584 233 5634 tates
242 5588 367 5649 tanquam
381 5590 509 5639 uenturas
531 5584 725 5654 extimescam
740 5601 801 5644 enm
825 5598 951 5660 temporo
1001 5589 1069 5658 ptlo,
1083 5593 1163 5655 atque
1176 5581 1320 5652 dispicere,
1337 5579 1455 5638 tueritne
1468 5576 1602 5650 posterior
1616 5574 1723 5631 libellus
1735 5589 1796 5629 cum

146 5675 197 5734 etl,
209 5684 266 5739 quo
283 5668 456 5730 Tertullianus
477 5674 504 5730 iu
527 5675 647 5733 elrartam
669 5677 784 5750 conjecit
797 5679 894 5736 librum
918 5662 978 5743 des*
1000 5672 1115 5738 alterna
1131 5676 1290 5732 Tertulliano
1302 5674 1399 5730 endem
1420 5683 1542 5746 tempore
1557 5670 1656 5728 editus.
1670 5667 1799 5726 Videlicet

146 5759 332 5833 spectante,
342 5765 398 5837 jam
413 5767 446 5823 ad
459 5768 621 5827 eltristianos
635 5763 762 5843 impellam
778 5788 868 5832 suam
880 5775 948 5832 lieo·
993 5755 1199 5845 ‘'qtrigituteliic.
1213 5765 1356 5839 llipnltirtm
1369 5764 1454 5822 libros
1467 5761 1620 5821 Tertulliani
1636 5760 1795 5833 ediderunt,

144 5867 216 5912 rum
228 5853 346 5916 emtores
367 5861 574 5932 convenissent.
585 5862 677 5935 Quare
690 5880 723 5924 er
742 5857 826 5939 ipsias
836 5866 949 5926 ’daonii
962 5847 967 5868 ‘
979 5884 990 5900 ,
1001 5864 1030 5936 bl
1042 5864 1156 5924 dutum
1176 5859 1209 5918 de
1223 5859 1323 5940 llatitu
1336 5857 1452 5915 manniri
1473 5855 1614 5925 ulmam.
1629 5855 1745 5914 luerim
1767 5856 1800 5909 θ’
