4242 6259
169 337 226 405 729
732 336 964 401 otsssttttttb
981 337 1013 399 Ι).
1033 339 1079 398 bd
1096 338 1250 403 dobunt.
1772 344 1826 409 tao

173 461 309 519 Ambrosii
323 460 408 519 libros
419 459 622 533 pernotatarct.
637 456 738 530 siquid
752 457 864 516 uidisset
886 457 914 513 in
928 455 975 511 illo
987 454 1015 516 Α
1027 456 1098 529 guod
1111 462 1249 517 necessitas
1273 462 1415 529 torpenter
1440 460 1560 536 (Tertuti.
1586 464 1633 520 tit:
1657 462 1677 521 l.
1692 463 1727 521 ad
1742 463 1825 523 llaor.

173 564 267 612 contra
280 562 366 610 statas
388 553 544 609 christiana
563 550 702 624 religionis
722 551 818 623 leges?
832 548 974 619 Quomodo
1025 566 1084 620 cop.
1102 551 1140 623 i).
1154 550 1289 620 Quorsum
1309 554 1381 610 euim
1396 553 1454 611 bac
1466 553 1498 610 ad
1519 554 1590 610 illam
1613 556 1673 611 iceit
1686 557 1785 626 uerba,
1802 557 1825 613 si

174 656 264 704 autem
279 646 461 703 Tertullianus
484 644 636 717 huiusmodi
650 645 748 701 librum
770 645 904 700 conticere
926 657 974 713 po·
1026 656 1041 696 a
1063 654 1194 701 consueto
1213 645 1378 702 matrimonii
1398 660 1447 701 usu
1471 647 1529 718 ipse
1551 662 1670 718 usorqna
1696 648 1754 718 ejus
1773 648 1826 706 sibi

176 738 237 806 tuit,
251 738 302 793 nisi
314 736 411 793 iisdem
422 736 528 809 legibus
541 735 648 794 abunde
658 734 739 793 inerit
753 734 913 792 institutus?
927 734 975 789 bt·
1026 750 1135 808 semper
1150 739 1393 810 temperarisseutl
1411 739 1496 796 Neutro
1520 748 1610 796 tamen
1624 750 1676 808 est,
1692 743 1736 812 qui
1763 742 1825 799 iudo

176 830 336 902 quionllus,
359 829 407 885 illo
426 829 486 900 ipso
511 839 597 896 testo,
620 828 794 885 cltristiunam
817 827 973 898 religionem
1027 839 1081 882 non
1094 827 1226 899 intelligat
1238 839 1339 900 quatuo
1350 828 1534 886 Tertullianus
1546 830 1717 887 continentiae
1741 833 1825 888 casti-

177 921 287 992 ejusque
299 921 373 992 leges
385 922 507 993 agnouit,
529 921 594 993 quin
608 920 680 975 illam
696 918 839 976 confestim
860 917 975 975 noluerit
1025 916 1144 990 totisque
1154 919 1244 975 studio
1257 919 1437 978 inflammatus
1454 935 1562 994 semper
1575 924 1664 979 luerit.

177 1013 307 1085 probiori.
328 1014 463 1071 Praeterea
488 1013 669 1084 Hieronymus
690 1012 748 1069 trac
763 998 858 1069 ¹adbuc
871 1011 907 1068 de
929 1010 974 1068 illo
1062 1010 1248 1068 blittnsautem
1262 1012 1358 1069 mirum
1370 1015 1495 1070 omuibus
1507 1014 1592 1072 rideri
1611 1015 1740 1084 deberet,
1753 1016 1825 1087 atiud

177 1108 313 1166 memoriae
331 1107 499 1165 'mandaritz
515 1106 567 1163 llic
587 1124 666 1180 arque
685 1107 720 1163 nd
741 1108 850 1163 medinm
874 1116 974 1162 oetutctn
1025 1101 1072 1160 itte
1082 1117 1195 1161 uxorem
1207 1119 1282 1161 suam
1296 1105 1329 1163 ad
1340 1106 1533 1163 continentiam
1546 1107 1588 1163 bis
1603 1110 1629 1164 in
1644 1109 1825 1166 librisadlrnr·

177 1201 307 1273 presbyter
322 1198 662 1272 deeiuiolidemcutalng.
677 1200 766 1269 script.
776 1197 847 1253 licei.
857 1213 914 1269 cap.
926 1198 973 1263 53,
1027 1204 1109 1261 tetur,
1122 1195 1145 1250 si
1159 1211 1222 1253 rora
1233 1197 1269 1253 sit
1281 1196 1316 1254 de
1341 1207 1474 1269 tempore,
1489 1214 1543 1269 quo
1563 1201 1655 1272 scripsi
1671 1210 1743 1270 suut,
1755 1217 1824 1272 quo·

177 1309 204 1364 p.
228 1293 281 1350 tt5
293 1303 314 1365 ι,
334 1293 460 1349 uidelicet
479 1292 630 1360 catholica,
656 1291 806 1364 pernionum,
826 1302 853 1347 et
873 1291 974 1348 idcirco
1025 1286 1150 1343 rumdam
1161 1304 1221 1344 eunt
1236 1288 1477 1360 lteteroduxorum,
1493 1300 1549 1349 tom
1563 1292 1756 1350 catholicorum
1767 1296 1826 1365 opi-

176 1393 321 1456 antequam
334 1383 454 1441 llontaui
467 1383 563 1441 naresi
578 1363 693 1440 inienuus
707 1383 812 1440 linisset.
828 1382 896 1439 Tum
909 1398 974 1440 uero
1025 1378 1131 1436 ttiollb
1145 1380 1190 1435 illo
1202 1383 1274 1437 euim
1283 1381 1370 1439 editos
1378 1385 1548 1454 suspicantur
1558 1392 1612 1441 tam
1621 1386 1824 1457 ingravescente

176 1477 223 1534 illo
235 1477 335 1535 ibidem
347 1477 464 1549 adjecit:
475 1475 571 1532 Fertur
583 1476 676 1531 alaim
685 1490 763 1543 utque
774 1476 809 1528 ad
822 1474 974 1544 decrepitum
1026 1470 1121 1541 ipsius,
1135 1486 1214 1543 quum
1229 1472 1343 1531 llorcme
1353 1488 1385 1530 ac
1399 1473 1487 1531 uirida
1506 1477 1597 1532 uxoris
1623 1486 1711 1534 atate.
1725 1475 1826 1546 Quam·

174 1578 286 1635 atatem,
296 1568 331 1625 ad
341 1582 441 1625 annnam
451 1567 774 1638 scilieetoctogesimuto,
789 1575 834 1621 aot
849 1566 871 1621 si
887 1565 971 1634 uelis,
1025 1568 1119 1623 obrem
1133 1576 1225 1639 putant
1248 1569 1277 1625 io
1297 1568 1331 1625 iis
1345 1570 1466 1625 conditas
1481 1569 1553 1625 illins
1572 1571 1649 1641 quasi
1673 1573 1825 1628 testamenti

173 1658 579 1729 nonagesitnnmaOrtbodorus
593 1658 673 1729 igitur
688 1657 831 1729 presbyter
849 1670 975 1727 penuan·
1026 1658 1140 1715 tabulas.
1160 1658 1215 1717 Sed
1236 1676 1289 1717 noo
1313 1659 1385 1716 aliud
1410 1661 1544 1731 opinionis
1566 1676 1623 1718 suae
1637 1674 1824 1733 argumentum

173 1752 209 1809 ιιι
220 1751 256 1808 ad
269 1767 370 1808 annum
383 1753 471 1809 aetatis
484 1766 542 1808 sure
556 1751 666 1808 circiter
679 1750 925 1821 quadragesimum.
940 1753 973 1807 ttt
1027 1750 1167 1823 proferunt
1181 1796 1189 1821 ,
1204 1756 1256 1826 orsi
1272 1752 1330 1809 baec
1340 1751 1499 1811 Tertulliani
1523 1755 1614 1821 rerba,
1640 1770 1700 1827 quae
1726 1758 1825 1827 primis

173 1861 224 1904 nec
238 1854 304 1903 tuuc
314 1846 431 1917 primum
443 1847 554 1918 quidem
567 1886 576 1912 ,
590 1859 643 1901 nec
655 1845 745 1900 statim
761 1853 825 1916 post
847 1845 974 1900 emissam
988 1850 1013 1911 Β
1028 1845 1088 1900 libri
1102 1844 1178 1902 initio
1194 1845 1230 1901 ita
1246 1845 1391 1917 leguntur:
1417 1844 1487 1901 llam
1503 1845 1668 1902 mationibus
1682 1854 1825 1920 satagentes

173 1940 327 1998 christianae
350 1938 487 2011 religionis
499 1936 751 2010 proiessiouem,ad
772 1939 844 1994 boue
864 1952 974 1994 sacrum
1025 1940 1264 2011 mundanamque
1275 1941 1540 1996 nostrutnconmltum
1556 1937 1681 1997 uolttnmsl
1692 1940 1825 1998 Sitolilne

173 2031 295 2090 ordinem
308 2021 416 2101 erectus
431 2030 546 2087 ridetur.
560 2030 633 2102 Ergo
652 2029 765 2100 jurertili
787 2031 815 2086 iu
839 2040 919 2086 atate
941 2046 973 2086 er
1025 2033 1190 2099 ordinemus,
1209 2050 1256 2089 cur
1268 2051 1320 2091 non
1338 2036 1422 2107 inopis
1436 2035 1469 2090 de
1482 2034 1573 2092 diuinis
1594 2045 1669 2107 rupae
1685 2034 1825 2091 toelcstibat
1859 2046 1870 2079 ῐ

173 2126 283 2185 etbuioo
302 2125 466 2181 oltrist'rauus
492 2122 578 2194 iactus
595 2122 712 2178 ridetur.
726 2121 824 2192 Quanti
838 2133 927 2179 autem
947 2124 974 2179 iu
1026 2124 1170 2194 posteritati
1183 2135 1278 2180 nostroe
1287 2128 1431 2198 prospicere
1444 2125 1588 2191 debeantur,
1605 2138 1628 2182 et
1641 2128 1750 2199 legatum
1762 2143 1824 2198 guo-

174 2228 227 2278 tota
241 2218 312 2277 banc
324 2222 559 2291 argumentatione
572 2217 607 2273 sit
621 2215 760 2287 ponderis,
775 2215 855 2288 periti
875 2216 974 2290 quique
1024 2217 1162 2273 dummodo
1179 2217 1318 2292 preiepure
1330 2219 1530 2274 edutouitioueut
1542 2228 1566 2273 et
1585 2219 1825 2274 dentottatrntionent

74 2374 76 2376 ,
174 2312 357 2386 paneadem.
1024 2318 1130 2379 corant,
1146 2327 1204 2383 gnte
1222 2327 1254 2367 en
1276 2311 1349 2367 bonis
1361 2310 1561 2377 imtnottolibtts,
1580 2319 1603 2366 et
1625 2313 1657 2365 tie
1678 2310 1826 2366 bereditote

476 2439 623 2481 mum,
642 2440 678 2480 w,
1023 2405 1144 2459 coriorum
1159 2405 1297 2476 deputatur
1309 2403 1320 2477 (
1333 2401 1402 2460 ibid.
1418 2421 1476 2474 cop.
1491 2402 1538 2475 ll?
1551 2402 1603 2459 Sed
1616 2405 1679 2475 quia
1692 2404 1718 2458 iu
1731 2402 1825 2460 codice

173 2540 214 2596 De
230 2539 380 2596 mmm
392 2542 468 2595 m
489 2539 512 2594 ,ο
544 2546 568 2592 a
582 2553 681 2592 mmm
697 2536 956 2593 commu-emm
1024 2498 1178 2568 agobardi,
1194 2497 1232 2553 uti
1245 2513 1296 2553 nos
1315 2507 1407 2554 tttouet
1430 2496 1578 2569 lligaltius,
1592 2495 1634 2551 bis
1654 2495 1751 2567 legitur
1765 2495 1825 2550 tali·

436 2558 449 2612 ³
469 2555 494 2611 θ’
520 2578 529 2606 ’
962 2578 972 2603 '
1023 2590 1081 2657 but,
1096 2590 1123 2647 id
1137 2601 1290 2647 correctum
1303 2591 1396 2656 noluit,
1412 2606 1443 2645 ne
1457 2592 1598 2661 legendum
1612 2607 1618 2642 ;
1632 2589 1725 2644 talibus
1751 2590 1825 2642 tubu-

208 2634 241 2692 αθ
252 2651 307 2706 ‘¹¹⁸⁸
328 2633 489 2698 mdmw'·
500 2641 587 2687 mmm
602 2631 732 2703 mmm
755 2631 851 2701 [πω
866 2640 973 2686 'mmm'
1024 2682 1064 2738 lut
1086 2684 1252 2750 ordinamur,
1268 2692 1297 2739 et
1319 2681 1380 2738 inde
1393 2682 1494 2753 colligit
1509 2682 1558 2735 ltus
1575 2681 1657 2735 lituos
1672 2681 1823 2735 testamenti

208 2745 265 2784 rum
284 2743 426 2784 moretum
444 2743 523 2783 rasore
545 2726 651 2793 riserit,
673 2742 718 2780 nee
736 2726 816 2781 sacras
842 2725 973 2781 ordinibus
1026 2777 1031 2788 ,
1258 2768 1266 2789 ,.
1448 2775 1454 2786 ,
1582 2773 1588 2785 ,

208 2822 323 2877 initians
345 2820 523 2875 astrinxerat
546 2818 641 2875 tacte:
663 2819 793 2889 patariam
814 2816 974 2889 stererant
1023 2784 1110 2832 ’ΜΝ
1124 2792 1139 2832 ²
1153 2774 1339 2843 Tef¹¹¹¹¹¹³¹¹⁰r
1353 2783 1499 2845 mmm
1520 2775 1665 2845 ⁹¹⁰¹¹⁰¹¹¹¹¹¹
1687 2780 1822 2843 ΨΜ

208 2913 307 2969 moendt'
323 2929 420 2985 petrns,
441 2928 520 2983 prtum
540 2910 638 2982 asperis
661 2907 773 2964 utendus
788 2909 935 2980 :quomodo
950 2918 972 2965 et
1023 2869 1189 2939 ⁰⁰¹”p⁰⁸i⁸⁰⁵
1206 2866 1316 2939 (mmuh
1331 2866 1394 2921 ΝΜ·
1406 2868 1433 2922 ¹·
1447 2866 1550 2921 mmm
1560 2865 1642 2935 mir-i·

207 3005 310 3076 quoodo
322 3006 350 3060 ln
360 3003 577 3059 Moritanistnrnm
585 3002 701 3058 ltaereairn
716 3001 867 3074 prolapsus,
883 3018 914 3056 nt
923 3017 973 3072 guo
1059 2958 1113 3017 sed
1123 2969 1229 3016 tamem
1241 2976 1284 3016 ms
1296 2970 1332 3015 Μ
1343 2968 1423 3023 Μ’
1434 2958 1575 3064 ,numqu'd
1587 2966 1744 3063 mmmmm}
1756 2975 1825 3014 nuu-

206 3099 290 3157 amis
300 3115 355 3155 m
370 3109 394 3154 a
407 3098 503 3153 mmm
516 3114 585 3154 mmo
600 3097 742 3170 humorem
752 3097 830 3151 mm
842 3094 949 3166 finierit·
1024 3066 1124 3123 qoam,
1140 3068 1191 3106 rttst
1207 3059 1409 3123 tttgravcsceote
1430 3067 1486 3123 yatn
1499 3058 1588 3117 atate,
1599 3068 1601 3077 ¹
1611 3051 1645 3107 ab
1670 3052 1824 3107 bominibus

1025 3143 1094 3200 tacta
1118 3142 1312 3214 obsignatoque
1334 3143 1420 3199 ¹santi
1449 3143 1582 3214 Nttnttynid
1605 3159 1685 3199 nctrtu
1707 3145 1824 3215 prudeus

188 3270 191 3277 ·
208 3238 327 3296 llxorent
340 3246 414 3293 certe
427 3233 611 3291 Tertullianus
623 3230 736 3298 babuit,
758 3243 872 3302 eamque
885 3229 1009 3300 chris-C
1026 3236 1126 3302 ltomo,
1142 3251 1175 3293 ac
1188 3236 1337 3307 prasertim
1349 3235 1528 3307 christianus,
1544 3236 1595 3292 etsi
1606 3235 1721 3293 dorcute
1736 3236 1824 3292 aditae

172 3330 294 3409 tiauam,
311 3329 350 3383 uti
368 3343 403 3384 er
414 3326 530 3394 dnobus,
544 3339 613 3397 quos
628 3322 662 3379 ad
677 3323 751 3380 illam
761 3322 881 3394 scripsit,
896 3321 972 3378 libris
1022 3337 1102 3384 atate
1123 3327 1158 3384 de
1173 3336 1259 3383 morte
1272 3343 1381 3400 semper
1406 3329 1526 3396 incerta,
1548 3336 1576 3384 et
1590 3335 1750 3385 testamento
1774 3342 1823 3383 sno

172 3424 375 3482 euidentissime
388 3421 602 3478 demonstratur:
621 3420 658 3474 ttt
669 3425 769 3472 nostru
784 3414 872 3472 atatis
883 3414 971 3485 scrip·
1022 3420 1223 3478 conscribendo
1237 3420 1383 3491 cogitarit?
1398 3422 1432 3477 tt
1445 3429 1517 3476 certe
1529 3420 1712 3478 Tertullianus
1724 3436 1757 3477 co
1770 3437 1822 3494 po·

172 3518 286 3575 torosio
302 3515 511 3571 controuersiam
523 3519 622 3568 uocant
640 3520 730 3566 utrum
745 3507 791 3565 illo
804 3507 893 3564 adbuc
906 3521 972 3579 geu·
1022 3512 1083 3568 tiori
1095 3512 1157 3583 jure
1170 3512 1204 3568 de
1215 3513 1261 3568 illo
1273 3513 1538 3580 condendorual‘rbet
1550 3521 1628 3570 atate
1641 3529 1689 3569 sua
1704 3514 1823 3586 cogitare

172 3610 242 3677 titis,
257 3619 306 3665 aut
327 3608 489 3664 christianus
498 3606 571 3663 illam
593 3602 722 3675 gentilotto
736 3609 784 3657 aut
796 3599 971 3656 christianidi
1022 3606 1125 3674 debuit,
1138 3605 1208 3678 qnod
1220 3616 1283 3662 tuoe
1294 3605 1466 3661 sacricutibus
1482 3606 1508 3661 in
1521 3605 1684 3663 christianos
1696 3606 1821 3674 etbuieis,

170 3706 288 3765 duxerit.
303 3705 371 3761 Nam
387 3718 446 3760 mos
461 3702 587 3774 tydidem,
610 3706 639 3755 ut
650 3699 708 3770 ipso
721 3696 904 3755 Tertullianus
915 3702 971 3751 tes·
1021 3700 1129 3756 nescire
1144 3714 1198 3755 oon
1222 3707 1327 3771 poterat
1339 3699 1419 3754 vitam
1434 3714 1509 3754 suant
1531 3698 1650 3770 quotidie
1663 3698 1823 3769 periclitari.

172 3812 261 3867 tatur,
275 3800 433 3858 christianis
454 3809 519 3854 tunc
541 3804 616 3863 erat,
632 3804 662 3851 ιιι
683 3794 782 3851 inirent
800 3791 970 3849 ethnicorum
1021 3789 1118 3847 Nouae
1132 3791 1213 3845 etiarn
1230 3791 1301 3860 ille,
1326 3799 1401 3846 muto
1418 3801 1526 3862 tamque
1542 3789 1688 3861 singulari,
1704 3791 1740 3847 uti
1755 3790 1825 3848 disi·

171 3894 316 3951 mulierum
339 3892 494 3957 connubia,
518 3890 674 3960 uallumque
695 3888 723 3942 in
738 3886 810 3942 illius
822 3884 971 3940 aliorutnro
1021 3897 1094 3949 unns,
1108 3881 1280 3937 continentias
1301 3883 1485 3953 castitatisque
1500 3895 1593 3937 amore
1608 3896 1716 3953 semper
1729 3883 1825 3938 inccn-

171 3988 278 4059 scriptis
286 3995 375 4043 exstat
387 3985 601 4057 uestigium,quo
609 3979 775 4051 deprehendi
784 3979 869 4050 possit
882 3988 970 4034 utnun
1022 3993 1079 4046 sus,
1092 3978 1179 4049 potuit
1191 3975 1311 4048 quolibet
1332 3977 1396 4032 rite
1408 3990 1464 4032 suc
1484 3985 1607 4048 tempore
1616 3990 1730 4034 uxorem
1745 3992 1822 4033 suant

171 4081 228 4147 ille,
241 4079 388 4149 doctrinm
403 4092 506 4142 uxore,
521 4075 555 4130 ad
565 4073 666 4130 Cbristi
677 4082 764 4129 castra
776 4069 968 4128 cottuolarerit.
1022 4071 1056 4126 ad
1067 4087 1138 4136 eant,
1154 4071 1177 4126 si
1191 4086 1309 4145 utnqrtatu
1319 4070 1399 4127 ridua
1413 4070 1492 4135 ioret,
1502 4069 1714 4127 conservandam
1725 4069 1824 4126 aditor·

171 4174 271 4230 lerum
286 4175 308 4228 si
319 4189 356 4230 er
366 4172 400 4228 iis
414 4187 474 4243 utta
484 4170 564 4242 paulo
574 4178 637 4225 aute
649 4162 875 4231 dtxtmueioterrt
886 4161 972 4235 possit
1023 4162 1096 4218 tori?
1109 4162 1149 4219 td
1160 4161 1219 4218 baec
1233 4176 1298 4220 uero
1309 4163 1331 4217 si
1350 4164 1410 4230 illa,
1430 4178 1492 4217 euru
1515 4162 1697 4220 Tertullianus
1711 4164 1824 4221 odendis

170 4262 518 4334 abilloadbuejurenein
537 4257 971 4332 legesclrristiy'uratum,nonne
1023 4254 1066 4309 bis
1080 4255 1156 4311 libris
1170 4268 1281 4326 operam
1296 4254 1386 4322 dabat,
1401 4252 1488 4309 aditus
1500 4264 1569 4320 erat,
1585 4256 1708 4322 utaiuut,
1724 4257 1822 4326 riritla,
1859 4278 1863 4285 ·

170 4368 199 4416 et
211 4359 275 4416 binc
288 4372 395 4429 putoque
407 4353 531 4412 concludi
546 4362 635 4424 potest
655 4352 764 4409 ductam
776 4352 810 4407 ab
829 4365 863 4407 eo
877 4356 970 4420 postea
1023 4350 1154 4418 nornaoid
1167 4364 1204 4404 ex
1217 4348 1278 4403 licta
1291 4348 1467 4419 quorumdam
1483 4347 1554 4404 illius
1567 4349 1712 4406 uerborum
1722 4352 1825 4421 signill-

171 4467 283 4507 uxorem
294 4449 307 4504 i
320 4449 370 4506 ilbi
390 4448 462 4504 enim
477 4447 642 4503 christianus
655 4447 741 4501 iactus
760 4454 802 4500 est
815 4434 909 4514 majori
923 4443 970 4499 ob·
1023 4443 1131 4499 ustione
1143 4442 1268 4498 coneludi
1280 4449 1367 4512 potest
1379 4441 1453 4496 illum
1467 4455 1558 4497 sonent
1574 4441 1656 4498 luisse
1670 4450 1717 4497 ant
1728 4441 1823 4499 decre·

170 4543 311 4599 semaodte
324 4542 480 4598 christianas
501 4541 568 4613 logis
590 4540 680 4595 studio
699 4554 808 4609 sentper
831 4538 986 4610 ilagrnrit,⁸
1024 4538 1132 4609 pitunti
1146 4536 1239 4607 Neque
1252 4533 1379 4591 audiendi
1405 4542 1478 4603 suut,
1492 4537 1537 4606 qui
1563 4534 1694 4605 objiciunt
1706 4536 1781 4605 plura
1796 4536 1823 4592 iu

170 4651 253 4707 quatu
269 4644 297 4689 ut
307 4634 364 4704 ipse
376 4634 542 4691 christianus
556 4634 637 4688 aliam
651 4633 678 4689 iu
692 4631 903 4697 matrimonium,
920 4631 970 4685 nisi
983 4626 1011 4686 D
1026 4633 1068 4687 inis
1083 4630 1157 4687 libris
1184 4643 1344 4694 occurrere,
1368 4627 1465 4699 quilius
1493 4627 1676 4683 Tertullianus
1702 4643 1780 4683 suum
1796 4629 1822 4686 in

171 4726 347 4783 chiisli²¹t³¹¹¹
369 4728 513 4797 attidem·
536 4724 570 4780 El
583 4739 648 4789 l'erto
664 4724 690 4779 in
714 4723 803 4778 citatis
815 4721 851 4776 ad
865 4738 970 4776 onorem
1024 4722 1198 4779 blutttonistas
1209 4721 1265 4792 jam
1280 4734 1442 4791 propensum
1457 4720 1576 4774 animum
1592 4718 1726 4789 patelarit.
1738 4720 1823 4777 Nunn-

170 4821 249 4877 libris
261 4820 287 4877 ei
302 4822 468 4893 persuadere
487 4829 611 4884 conatur,
635 4827 666 4873 ut
679 4818 702 4874 si
717 4817 776 4888 ipsc
789 4816 862 4887 prior
874 4831 907 4872 ex
921 4817 971 4872 bac
1023 4815 1087 4887 quid
1102 4814 1173 4871 enin
1185 4814 1248 4885 quia
1261 4828 1371 4870 uxorem
1387 4828 1463 4868 suam
1478 4812 1511 4865 ad
1522 4812 1714 4868 corttlueotiam
1724 4813 1824 4870 aditor-

169 4911 225 4970 uita
236 4912 402 4985 migraverit,
415 4912 459 4968 illa
473 4920 519 4967 ant
533 4919 690 4983 permaneat
701 4910 729 4965 iu
740 4909 877 4966 viduitatis
887 4917 970 4975 statu,
1023 4907 1116 4964 taturi
1128 4910 1164 4964 ttt
1181 4922 1271 4963 nonne
1291 4906 1350 4977 ipse
1361 4906 1441 4961 ctiam
1463 4903 1562 4960 Paulus
1573 4905 1720 4977 Apostolus
1733 4907 1822 4964 elaris·
1875 4896 1879 4906 ”

171 5016 219 5063 aut
241 5005 390 5062 cbristiaoo
415 5005 498 5062 nubat
519 5005 598 5072 niro,
613 5007 635 5060 si
650 5003 716 5061 rellt
734 5002 860 5060 secundis
873 5001 972 5073 nuptiis
1024 5000 1154 5058 tianosad
1168 4999 1292 5057 eamdem
1303 4998 1428 5054 virtutem
1438 4997 1594 5055 coloratus
1605 4999 1666 5054 cst?
1681 4997 1735 5055 Scd
1746 4999 1823 5056 uobis

170 5098 278 5171 illigari.
292 5097 387 5155 Nonne
400 5107 489 5154 autem
505 5112 570 5153 reru
584 5110 696 5167 prorsus
719 5095 808 5151 simile
821 5102 880 5160 est,
894 5094 971 5149 iilum
1023 5094 1125 5153 sulllcit
1146 5093 1217 5166 qood
1241 5092 1393 5153 concedant
1413 5091 1607 5149 Tertullianum
1633 5107 1694 5148 cttm
1714 5092 1764 5149 ltos
1788 5094 1823 5157 ad

169 5191 292 5262 paruisse
310 5191 431 5262 legibus,
454 5204 524 5262 gaas
545 5190 622 5246 urorl
642 5203 699 5245 sua
720 5186 904 5260 proscripsit?
917 5186 971 5244 Sed
1024 5203 1137 5246 uxorem
1152 5186 1287 5244 scribebat
1308 5186 1408 5253 libros.
1426 5185 1544 5243 inondum
1560 5185 1587 5241 in
1600 5184 1823 5244 donanistarum

169 5280 253 5339 basse
265 5283 437 5354 coniecturas
451 5283 567 5338 aliorum
580 5280 683 5353 judicio
694 5278 889 5351 permittimus.
1022 5281 1126 5353 lapsuro
1140 5279 1223 5335 inimo
1236 5293 1368 5336 errorem.
1388 5278 1430 5335 dd
1440 5278 1557 5335 mediani
1572 5278 1643 5335 euim
1657 5294 1742 5352 usqne
1754 5288 1822 5336 uta-

205 5374 272 5431 Cum
283 5390 331 5432 sua
345 5390 426 5446 porro
436 5390 521 5433 uxore
533 5374 726 5437 Tertullianus,
738 5371 969 5444 solitocoojugum
1025 5385 1097 5441 tem,
1112 5358 1150 5431 uti
1173 5374 1373 5447 Hieronymus,
1390 5388 1405 5430 a
1430 5374 1508 5431 nobis
1522 5375 1619 5430 citatus
1643 5374 1820 5443 testificatur,

168 5482 257 5535 more,
273 5467 343 5526 baud
355 5467 564 5536 dubierirebat,
575 5466 683 5540 quando
696 5466 735 5522 illi
749 5465 832 5521 libros
847 5465 970 5536 proxitnc
990 5512 993 5515 ,
1023 5466 1166 5539 presbyter
1179 5466 1320 5523 ratboliete
1343 5466 1471 5522 Ecclesia
1497 5463 1556 5521 iuit.
1572 5465 1642 5536 Ergo
1656 5466 1735 5538 longe
1758 5474 1822 5525 atita

168 5559 294 5618 laudatos
303 5559 412 5618 direxit.
428 5558 493 5618 Eain
504 5559 652 5633 quiippesi
665 5557 723 5629 ipse
738 5557 811 5627 prior
826 5557 967 5629 moriatur,
1021 5566 1187 5617 senectutem
1201 5574 1277 5614 snam
1300 5557 1383 5614 libros
1397 5558 1455 5614 illos
1465 5569 1666 5629 composuerat.

168 5651 409 5710 adcootioentiam
432 5654 459 5708 in
483 5652 613 5709 viduitate
635 5650 797 5708 servandam
810 5649 850 5706 sic
871 5651 969 5706 cultor·
1056 5653 1092 5708 tlt
1100 5650 1326 5724 ottomadmodum
1339 5651 1374 5707 de
1385 5649 1545 5708 Tertulliani
1559 5653 1687 5727 cornjugio
1699 5662 1820 5722 constat,

169 5754 253 5799 tatur.
265 5745 300 5801 bt
309 5744 379 5802 ruod
389 5747 415 5801 iu
429 5746 602 5810 matrimonio,
618 5744 716 5817 inquit,
731 5760 782 5800 non
794 5743 929 5810 noluimus,
940 5746 968 5801 t’n
1020 5745 1058 5801 ita
1071 5759 1137 5802 saue
1148 5754 1223 5800 extra
1238 5742 1348 5800 dubium
1361 5758 1422 5802 esse
1441 5744 1547 5800 ridetur
1560 5745 1634 5801 illum
1648 5761 1726 5803 sacro
1742 5763 1820 5818 pres·

168 5835 432 5917 ridoltntttectenmr.
444 5838 731 5913 maspitetoninoctatio
743 5835 965 5910 arguentium,
1019 5835 1266 5911 bytcratus'ordine
1289 5835 1372 5896 luisse
1384 5836 1582 5910 instauratum.
1598 5838 1705 5899 litooito
1723 5837 1824 5900 iberus
