4242 6259
327 304 384 368 ass
877 302 913 361 ru
937 281 1450 365 marmunmareteennoeu
1589 294 1598 359 t
1917 295 1973 365 aet

328 421 637 499 quadorereutlcpprlo.
652 421 685 479 sle
695 420 790 480 idoleo.
806 422 911 495 canite.
922 423 961 481 lie
980 422 1124 481 bisantem
1137 422 1245 495 Aesoni
1263 422 1383 480 materis
1404 405 1496 480 diriora
1513 420 1637 479 doctrine
1654 420 1804 494 pradicatio
1824 422 1978 480 memoitotc

329 519 427 578 Christi
454 515 687 589 apparitionibus:
708 524 736 572 ct
756 516 878 573 doctrina
899 531 952 588 qua
978 515 1126 590 discipules
1177 527 1202 573 ct
1216 517 1314 572 maille
1327 517 1459 573 laminam
1474 532 1527 573 non
1539 516 1676 586 inclinaret.
1691 514 1757 571 Cant
1777 514 1857 588 ipitar
1874 523 1977 571 amotas

328 626 393 669 sues
410 609 517 677 imbuit,
542 606 570 663 in
593 607 653 665 aliis
676 606 910 666 dissertationibus
931 608 1127 679 disputavimus
1177 608 1325 664 relationem
1338 608 1372 665 de
1384 608 1521 666 Serootere
1532 608 1701 681 repudiasset,
1716 605 1832 663 Tiberias
1852 616 1935 663 taraco
1948 606 1978 662 irs

330 701 476 776 (dissertet.
499 699 527 756 in
546 698 664 756 uetant.
680 716 739 772 rap.
753 698 798 768 te,
820 708 870 755 art.
893 700 930 772 ὃς
945 710 970 755 ιι
991 698 1125 756 liissemot.
1178 701 1420 772 pristinesealentio
1433 716 1606 773 perseverans,
1620 700 1686 756 nilril
1699 698 1821 757 odemstss
1834 699 1979 756 dectriooos

327 794 355 849 its
367 792 456 850 (lircil.
469 793 501 848 de
514 803 590 849 mort.
604 802 730 864 persam.
745 808 803 865 cop.
818 793 845 858 l,
865 802 916 848 orl.
929 791 970 863 t).
1178 793 1273 849 Cimoli
1284 793 1374 848 darios
1388 793 1492 850 melitus
1501 810 1555 850 esse
1565 793 1659 849 dicitnr
1669 792 1776 867 (Eosei.
1788 792 1873 861 titas,
1884 794 1976 850 iistm.

364 886 393 944 ln
408 885 505 944 iisdem
519 887 600 944 etiam
612 886 813 943 enucleavimus
827 884 889 957 qnid
903 884 1055 957 significent
1069 883 1128 942 liare
1179 882 1278 941 Eccles.
1291 901 1349 957 cop.
1363 886 1391 952 2,
1407 904 1468 959 pop.
1480 885 1539 960 itii·
1551 885 1589 942 lta
1599 885 1723 943 Valesius
1734 886 1923 957 interpretatus
1935 892 1981 942 est

327 980 517 1054 subsequentia
530 980 691 1038 Tertulliani
713 981 793 1037 rerba
809 998 817 1036 ι
831 979 930 1037 liciniae
949 979 1074 1035 ordinetis
1092 979 1129 1035 eis
1178 976 1262 1033 verba
1275 976 1384 1034 Eusebii
1397 993 1496 1049 graeca,
1512 993 1584 1051 quoe,
1598 977 1661 1051 quia
1676 976 1757 1049 paule
1768 975 1888 1051 lorrgiera
1902 984 1979 1045 sunt,

328 1073 364 1129 sd
376 1074 491 1145 allidam
503 1073 662 1143 predicandi
675 1089 721 1144 per
735 1073 839 1137 orbem,
853 1073 1010 1145 circumfusa
1023 1072 1089 1127 asic
1100 1071 1129 1126 s'n
1181 1067 1293 1124 hicnon
1308 1069 1523 1126 transcribimus.
1538 1069 1640 1126 licinde
1654 1083 1719 1126 nere
1732 1069 1863 1127 Eusebius
1873 1068 1982 1126 Tertul-

328 1165 419 1221 calam
430 1174 577 1237 estereptas
587 1164 752 1237 (Tertulliaa.
767 1165 818 1220 loc.
829 1161 896 1237 citi.
911 1164 940 1221 ln
951 1166 1051 1221 nestris
1063 1178 1130 1221 rere
1180 1160 1245 1216 lieni
1257 1161 1339 1215 rerba
1349 1175 1463 1231 graecam
1478 1164 1504 1217 in
1518 1162 1635 1233 linguam
1648 1162 1688 1218 sie
1700 1161 1834 1218 transtulit
1849 1168 1982 1236 :talpae

329 1256 536 1327 exemplaribus,
551 1265 578 1313 et
598 1257 658 1311 eliis
670 1267 732 1312 ante
745 1256 888 1327 Rigaltium
903 1256 983 1313 editis
997 1255 1129 1328 legimus:
1182 1251 1221 1307 sio
1236 1258 1385 1324 misina
1397 1258 1462 1324 ιἰιῷ
1477 1262 1501 1311 a
1512 1262 1671 1317 uersarem
1689 1263 1732 1311 eae
1746 1259 1860 1327 impero,
1872 1260 1981 1323 τοῦτου,

329 1347 365 1404 lo
394 1350 484 1404 coelom
512 1357 549 1403 est
578 1356 701 1419 receptam.
731 1347 864 1420 Nerrrqnid
890 1348 1022 1421 liigaitius
1053 1348 1129 1405 illem
1180 1351 1235 1398 lli·
1247 1355 1495 1416 manorlptaamq
1519 1356 1640 1417 «matare
1657 1352 1920 1409 laressemeaqto,
1942 1353 1976 1400 tta

250 1467 259 1476 ·
330 1438 457 1512 loquendi
480 1438 589 1497 medum
613 1440 684 1497 lerre
710 1456 763 1496 nnn
791 1442 897 1514 petnitl
920 1441 975 1498 Cur
996 1457 1061 1512 erge
1088 1441 1131 1499 iris
1183 1444 1366 1510 cataoniam
1388 1443 1923 1511 elpmrreptnmmiscammoneae
1939 1444 1984 1496 see
2006 1443 2021 1458 ·

333 1534 423 1607 petius
443 1549 496 1590 nnn
512 1548 578 1590 usus
595 1544 635 1590 est
651 1533 776 1607 Cypriani
800 1534 910 1591 serbis:
928 1533 960 1589 ln
974 1536 1065 1590 coelnm
1082 1535 1133 1589 eir·
1184 1535 1247 1585 sera
1270 1533 1443 1599 llelseopsw,
1454 1536 1577 1588 dasem
1596 1522 1656 1587 bit
1673 1539 1696 1588 to
1715 1543 1746 1602 aq
1766 1535 1839 1587 ιἰιιῦ
1860 1535 1982 1603 inopem

331 1631 450 1700 ramlera
461 1628 526 1682 arole
540 1627 654 1683 sublatus
667 1637 703 1683 est
712 1625 804 1700 (Cppr.
816 1629 860 1683 lib.
872 1630 904 1684 de
916 1628 1011 1684 idoler.
1026 1629 1133 1700 eonil.)l
1184 1628 1282 1689 lpum,
1298 1626 1429 1684 lascesas,
1441 1631 1541 1678 stamas
1551 1628 1602 1684 soie
1620 1640 1665 1680 aas
1677 1631 1820 1695 χρισιιιιοι
1832 1624 1984 1693 urepiprtt·

333 1718 429 1776 Nonne
449 1719 544 1775 melius
558 1734 590 1774 ea
604 1718 754 1789 discipulo,
771 1720 793 1774 si
817 1718 843 1775 id
859 1719 962 1785 liceret,
975 1722 1133 1791 magistrum
1186 1710 1309 1769 Valesius
1322 1727 1389 1770 tete
1399 1714 1458 1770 bac
1470 1715 1565 1772 iisdem
1579 1716 1668 1773 latinis
1681 1715 1773 1772 verbis
1785 1712 1985 1786 reddiditque

331 1811 515 1867 correxissent
536 1808 591 1865 Setl
618 1809 772 1866 auctoribus
787 1824 835 1864 sua
856 1809 938 1866 verba
951 1809 1128 1881 relinquenda
1141 1816 1166 1877 Β
1180 1811 1208 1867 in
1220 1805 1359 1862 codicibus
1366 1806 1466 1862 nostris
1476 1813 1503 1863 et
1511 1805 1672 1863 editionibus
1681 1814 1745 1863 ante
1756 1805 1900 1878 Rigaltiem
1908 1804 1986 1862 cabi·

333 1912 405 1960 sunt.
421 1903 495 1960 Alias
509 1902 581 1959 enim
600 1911 689 1959 actum
704 1911 775 1960 esset
802 1902 836 1960 de
862 1903 986 1974 penninis
1006 1912 1129 1961 ueterum
1147 1915 1153 1922 ·
1182 1895 1236 1952 bita
1244 1895 1479 1955 vidimuslcrum
1494 1899 1521 1954 in
1535 1899 1591 1956 suis
1602 1899 1686 1969 neda,
1705 1898 1851 1970 approbata
1863 1896 1984 1969 eitimam

337 1994 500 2066 scriptorem
513 1992 650 2065 operibus.
1182 1989 1289 2062 Rigaltii
1301 1993 1499 2059 emendatione,
1515 1994 1596 2052 rerba
1609 2009 1697 2067 greca
1711 1994 1838 2063 Eusebii,
1858 2003 1905 2051 aut
1917 1994 1987 2053 alte·
2108 1983 2109 2038 Ῐ

249 2089 259 2105 “
369 2086 451 2145 Addit
460 2086 783 2144 Tertullianusclrristum
793 2085 826 2141 ad
836 2084 1132 2143 coeleseenseendissct
1183 2083 1251 2153 rios,
1260 2093 1289 2142 ut
1302 2086 1360 2158 ipse
1376 2097 1461 2157 putat,
1471 2088 1624 2159 interpretis
1636 2088 1985 2160 corruptaesscepinater.
2108 2155 2109 2158 Ἴ

334 2179 419 2235 llalto
431 2178 531 2243 natm,
545 2178 706 2249 manupae
721 2193 781 2242 sos,
793 2177 923 2248 gentiles,
936 2193 1080 2233 estmerore
1102 2175 1134 2233 da
1183 2176 1236 2233 Sed
1248 2177 1271 2233 si
1285 2177 1335 2249 ipsi
1354 2177 1537 2235 suboluissent
1548 2194 1609 2251 qum
1621 2194 1637 2236 a
1650 2178 1767 2252 Rigaltio
1784 2181 1811 2235 in
1830 2188 1905 2236 texte
1916 2178 1986 2237 Ter·

334 2270 453 2329 liomnlis
465 2269 573 2326 Proculi
591 2270 673 2326 solent
687 2267 855 2341 (Tertnllion.
875 2269 926 2325 loe.
948 2269 1016 2342 cit).
1030 2268 1134 2326 Rursus
1185 2267 1290 2325 tulliani
1303 2270 1441 2326 immutata
1451 2278 1525 2340 sunt,
1534 2271 1623 2344 potius
1636 2270 1858 2344 praesumptori
1870 2270 1986 2329 larissae

333 2379 400 2421 rere
421 2363 448 2418 in
471 2360 567 2418 iisdem
585 2362 684 2417 nestris
702 2371 730 2417 et
749 2359 828 2418 editis
855 2360 1001 2429 codicibus,
1019 2360 1135 2434 Ripaltie
1184 2360 1397 2433 sebwipsnoet.
1520 2361 1523 2372 ¹

334 2454 531 2527 antiquioribus
547 2472 555 2508 a
574 2451 656 2509 llslto
669 2455 788 2508 remos...
804 2452 837 2508 ds
848 2452 960 2509 llemsle
974 2453 1082 2510 Proculi
1093 2471 1136 2510 so·
1221 2452 1354 2524 Quidquid
1368 2468 1449 2526 perro
1465 2456 1684 2527 sit,e1utraque
1702 2455 1819 2513 lectione
1838 2457 1904 2514 salis
1915 2472 1982 2530 per·

335 2547 472 2616 lent.Quis
487 2555 576 2602 autem
590 2561 642 2602 nen
654 2545 743 2602 videat
755 2544 824 2601 banc
838 2547 967 2617 potiorem
980 2547 1137 2617 genuinam·
1187 2545 1299 2616 spiritur
1312 2545 1470 2603 Tertulliani
1489 2563 1595 2608 sensus.
1617 2563 1667 2605 nec
1688 2547 1723 2606 dc
1741 2548 1789 2605 illa
1812 2563 1873 2606 ease
1895 2557 1988 2620 petest

336 2655 389 2710 que
403 2654 464 2696 esse
476 2636 634 2694 Tertulliani
648 2637 810 2694 lectionem?
820 2637 886 2693 Nam
900 2636 934 2694 ibi
946 2637 1137 2695 asseritmulte
1188 2634 1240 2691 ulla
1255 2634 1410 2703 dillicultas,
1426 2638 1477 2694 nisi
1490 2638 1516 2695 io
1528 2637 1570 2694 bis
1580 2639 1683 2704 serbis,
1697 2640 1796 2710 quibus
1806 2639 1929 2696 Tiberius
1942 2639 1987 2696 di·

338 2730 429 2788 reries
454 2743 515 2788 esso
539 2728 676 2786 ebriatum
698 2729 724 2784 in
751 2729 837 2786 coeles
864 2729 1036 2795 ascendisse,
1056 2743 1138 2801 quam
1188 2726 1318 2799 citurpre
1332 2743 1382 2785 sua
1394 2729 1622 2800 censcientiajam
1636 2730 1719 2787 luisse
1733 2730 1905 2788 christianus.
1917 2730 1987 2787 Nam

337 2821 494 2887 Remurium,
515 2819 638 2892 quamvis
659 2821 777 2887 Proculi,
801 2821 892 2885 idest,
920 2821 938 2878 il
962 2823 1008 2894 qui
1032 2822 1138 2880 Proculi
1189 2819 1288 2878 ibidem
1303 2821 1379 2888 dixit,
1389 2821 1511 2879 Cesarea
1529 2838 1582 2879 nen
1603 2822 1766 2892 credidisse,
1784 2824 1846 2895 quia
1865 2822 1988 2881 enarres

337 2914 457 2987 perjurio
469 2915 625 2980 abutuntur,
636 2914 774 2972 allirmare
788 2915 893 2972 soleant
911 2916 997 2973 risum
1010 2932 1025 2972 a
1040 2932 1071 2974 se
1082 2917 1139 2973 lle·
1190 2925 1279 2973 erant.
1291 2916 1344 2973 Sed
1360 2917 1395 2973 lbi
1407 2917 1490 2974 serbe
1506 2919 1610 2974 medae
1623 2917 1690 2974 nibil
1704 2918 1807 2977 videtur
1817 2917 1890 2974 aliud
1905 2918 1990 2990 signi·

338 3006 439 3062 melum
455 3006 481 3061 in
494 3006 578 3063 eteius
592 3006 792 3065 ascendentem.
1191 3006 1297 3074 deesse,
1314 3007 1364 3063 nisi
1379 3007 1512 3079 publicam
1523 3008 1681 3067 Christiana
1691 3011 1826 3082 religionis
1838 3010 1991 3082 prefessio-

374 3099 495 3172 Denique
526 3101 628 3156 brieter
644 3110 737 3157 nester
760 3100 934 3171 adjecitslu'a
955 3104 1041 3159 omnio
1064 3120 1141 3176 super
1192 3113 1264 3154 nem.
1284 3098 1336 3155 Pro
1356 3113 1404 3155 sua
1420 3099 1498 3171 igitur
1519 3102 1683 3157 conscientia
1695 3101 1819 3158 Tiberius
1832 3109 1891 3157 crat
1910 3100 1990 3158 cbri·
2020 3137 2029 3152 ,

339 3192 441 3249 citiam
461 3189 581 3261 Pilatus,
593 3204 617 3248 ct
630 3193 687 3265 ipse
704 3194 758 3263 ient
772 3210 819 3264 pro
838 3211 885 3250 sua
898 3195 1052 3251 censaieatr'o
1072 3197 1177 3269 siri-(2
1192 3192 1307 3261 eilanes,
1320 3192 1367 3249 scd
1378 3209 1460 3250 aestrs
1475 3203 1582 3251 nonest
1595 3194 1620 3252 id
1635 3195 1721 3266 palam
1736 3194 1868 3266 prelrteri.

340 3286 449 3352 stiones,
464 3283 562 3342 Catari
575 3294 636 3340 tunc
648 3284 750 3342 Tiberio
769 3286 903 3342 nuntiarit.
926 3285 1015 3343 Sedet
1028 3287 1141 3344 (λιιιιιι
1227 3287 1326 3355 Αιιιιι,
1341 3286 1455 3357 inquies,
1465 3287 1562 3358 adjecit
1575 3289 1675 3344 tantm
1685 3296 1776 3345 nester
1787 3304 1795 3344 t
1807 3287 1923 3344 Casae
1934 3303 1991 3346 ere·

339 3377 506 3434 credidissent
516 3391 594 3451 sopor
605 3376 722 3443 Christo,
735 3377 758 3433 si
769 3388 794 3432 et
805 3377 917 3434 datores
930 3391 982 3434 non
996 3388 1078 3435 essem
1090 3395 1141 3436 sa·
1193 3378 1326 3444 didisseal,
1342 3377 1364 3432 si
1378 3395 1429 3434 neo
1446 3388 1530 3434 essem
1549 3380 1645 3436 sarelo
1665 3380 1821 3436 necessarii?
1835 3380 1993 3453 Respondet

339 3470 400 3526 esla
412 3471 646 3536 recnuntiate
659 3471 791 3526 simulem
805 3472 943 3541 potuissent
957 3490 1011 3529 esse
1035 3489 1142 3531 rasores
1192 3468 1394 3541 tttqaluostttue
1410 3470 1470 3527 ideo
1482 3471 1581 3527 dictum
1595 3470 1768 3544 subsequta,
1782 3473 1822 3528 uti
1835 3470 1903 3529 intra
1915 3472 1993 3532 ride·

341 3558 447 3631 (tlte).
463 3558 581 3615 linteam
596 3569 685 3615 autem
701 3560 842 3617 bisverlris
855 3563 918 3627 alie,
930 3565 963 3618 ab
973 3579 1007 3620 ee
1018 3566 1144 3637 superius
1194 3562 1294 3629 bimus,
1316 3579 1474 3635 persuasum
1492 3565 1627 3622 trabebant
1643 3565 1703 3622 lere
1722 3575 1753 3623 ut
1770 3564 1896 3634 mundus,
1910 3579 1991 3638 quem

341 3650 457 3720 scripta,
471 3648 537 3706 dant
559 3651 651 3723 utique
669 3651 766 3707 lucem.
783 3652 847 3710 lime
866 3663 955 3711 autum
978 3656 1144 3728 totidemque
1195 3656 1323 3713 nolebant
1346 3665 1400 3711 mm
1425 3657 1479 3712 cite
1499 3655 1620 3723 destrui,
1640 3673 1704 3714 eum
1726 3657 1850 3715 liemare
1877 3655 1993 3727 imperio

342 3750 406 3797 sunt
421 3759 428 3796 ι
445 3741 560 3798 Tiberius
574 3743 727 3798 annuntiato
738 3743 926 3818 (manuscripti
941 3749 1143 3813 restrictae·
1195 3757 1373 3806 cvmteretur.
1395 3747 1449 3805 Sed
1462 3764 1597 3819 quaenam,
1612 3750 1775 3813 obsecrate,
1790 3764 1824 3805 es
1837 3749 1888 3804 bec
1897 3759 1993 3806 errore

343 3833 425 3903 liquat
437 3832 581 3900 editiones,
592 3836 783 3908 onnontiotsmr)
794 3837 979 3910 sibieaSpria
990 3838 1143 3910 Pelastloo,
1195 3839 1555 3912 indueipetcstritaeunius
1570 3850 1616 3897 aut
1632 3841 1743 3897 alterius
1755 3840 1871 3897 casam
1891 3853 1990 3896 neces·
2019 3881 2024 3886 -

333 3940 403 3996 ⁴qne
414 3923 581 3994 (Pamelios,
595 3927 676 3996 qaod)
693 3927 748 3983 illic
763 3931 892 3985 sementem
912 3933 985 3986 iarios
1002 3933 1146 3991 divinitatis
1195 3932 1280 3987 sitast
1296 3930 1392 3987 Nonne
1414 3940 1505 3989 anem
1521 3931 1705 3989 Tertullianus
1718 3931 1809 3989 dicere
1828 3931 1914 4002 potnit
1931 3929 1995 3987 ile·

344 4015 518 4072 rmelaoerant
533 4016 628 4087 (iidem
650 4021 836 4089 manuscripti,
851 4033 879 4076 er
900 4021 961 4078 aliae
979 4025 1146 4097 antiquiores
1195 4037 1271 4080 sares
1282 4025 1383 4080 secolo
1397 4039 1458 4081 esse
1470 4025 1647 4092 necessarius,
1663 4024 1689 4080 id
1704 4032 1755 4085 cst.
1769 4022 1859 4080 saculi
1869 4032 1897 4080 et
1907 4037 1994 4094 popu·

345 4106 479 4164 editiones
490 4148 499 4174 ,
512 4108 677 4183 rerelaocrat)
695 4110 786 4166 detulit
798 4111 833 4166 od
844 4121 959 4168 sanorem
972 4130 1029 4169 eom
1046 4132 1145 4187 prare-
1196 4116 1283 4172 lorum
1297 4116 1466 4183 moribus,ac
1480 4117 1628 4188 presertim
1644 4115 1761 4187 receptis
1773 4115 1932 4187 religienum
1949 4114 1994 4171 in·

344 4198 430 4268 polion
440 4197 560 4272 soqroplt
572 4201 622 4257 sui.
639 4199 768 4269 Senatus,
781 4204 843 4274 quia
855 4220 906 4259 non
919 4206 974 4277 ipse
985 4205 1145 4277 produceret,
1196 4210 1298 4266 stitutis
1312 4217 1383 4265 tarum
1396 4210 1559 4266 necessitate
1570 4210 1732 4277 obstrictos,
1746 4216 1776 4266 ut
1795 4223 1828 4264 ca
1841 4208 1899 4264 sine
1917 4205 1994 4262 sedi·

344 4290 451 4361 respuit.
466 4288 554 4347 Caser
565 4293 592 4348 in
605 4294 730 4350 sententia
743 4296 847 4363 neoresit,
861 4298 1030 4353 comminatas
1047 4301 1147 4370 perico-
1198 4298 1324 4360 tionibus,
1337 4300 1581 4370 atqneimminenti
1599 4301 1681 4356 etiam
1693 4310 1720 4355 ct
1730 4300 1827 4370 capitis
1841 4307 1868 4356 et
1883 4298 1995 4369 imperii

339 4367 399 4437 lem
415 4384 604 4442 acesmlerilss
617 4384 820 4442 Christianorum
833 4386 997 4458 (Tertullion.
1012 4389 1145 4463 ibideap.
1197 4391 1370 4449 subvertendi
1388 4391 1508 4464 periculo
1521 4391 1684 4449 labefactare
1704 4399 1752 4448 aut
1771 4391 1914 4449 lmmulare
1936 4404 1993 4447 nen

346 4475 374 4544 i,
386 4475 530 4548 pratel).
542 4476 673 4535 Eusebius
687 4495 751 4535 rere
766 4488 851 4536 tetum
872 4480 945 4540 benc
966 4482 1145 4552 Tertulliani,
1198 4488 1328 4557 possenti

347 4568 467 4625 indicato
486 4568 547 4640 cius
560 4572 688 4638 nemine,
705 4571 791 4628 lecum
806 4575 986 4646 transcripsit.
1001 4575 1080 4633 l'rius
1097 4591 1187 4653 sau-1)

337 4668 401 4716 tarn
414 4671 507 4717 narrat
519 4677 622 4718 morem
637 4663 796 4731 invaluisse,
810 4674 839 4720 ut
851 4667 1047 4737 prouinciarum
1059 4678 1148 4727 recte·

336 4767 402 4820 res,
417 4753 546 4826 quidquid
561 4756 622 4811 nori
636 4756 705 4827 apae
718 4756 793 4825 ipses
804 4758 973 4830 coartiqisset,
988 4759 1147 4833 imperatori

348 4845 513 4901 nuntiarent.
529 4844 710 4915 Quamobrem
725 4847 837 4913 Pilatus,
848 4847 880 4903 de
894 4851 1090 4919 resurreetione,
1104 4854 1147 4909 in·

1495 4613 1644 4659 terrentes
1663 4613 1692 4654 V.
1745 4617 1748 4620 ‘

1203 4710 1270 4769 i'tro
1279 4729 1333 4770 esse
1346 4731 1376 4770 ea
1385 4716 1482 4784 omnia,
1498 4732 1555 4796 ιιι
1567 4716 1599 4771 tie
1610 4714 1712 4772 Cirrislo
1724 4712 1780 4772 Dro
1790 4722 1817 4771 ol
1836 4714 1938 4771 tonino
1950 4713 1998 4770 di·

1234 4812 1274 4859 eto
1284 4816 1355 4873 sont:
1364 4809 1458 4864 aenaim
1466 4807 1735 4880 lasessedereliqiene
1743 4824 1791 4864 suo
1802 4807 1912 4870 mentiri:
1920 4804 1999 4864 cart-

1235 4897 1332 4953 stionos
1353 4901 1448 4973 obsqte
1466 4901 1520 4956 olle
1544 4900 1712 4972 nordpoitate
1728 4909 1774 4954 aart
1794 4898 2000 4955 dissimulatione

1236 4991 1323 5062 polam
1336 5000 1360 5046 el
1371 4992 1398 5047 in
1407 4993 1537 5048 torrrmntis
1545 4995 1622 5050 etiam
1630 4992 1766 5048 dirissimis
1780 4992 1904 5048 clamasse
1912 4988 2000 5046 Deest

1236 5099 1252 5136 a
1266 5099 1294 5138 sc
1314 5100 1360 5155 per
1372 5083 1501 5141 Cleristrsm
1515 5085 1576 5153 coli,
1591 5101 1637 5141 ore
1651 5085 1679 5141 id
1691 5100 1764 5156 posse
1773 5084 1912 5152 improbari
1920 5099 1937 5136 a
1949 5080 2001 5138 ds·

1236 5175 1310 5241 daris,
1322 5176 1367 5247 qai
1388 5175 1472 5232 litum
1484 5173 1540 5250 per'
1550 5177 1673 5249 llepsen,
1689 5191 1736 5231 nae
1753 5191 1770 5229 a
1793 5174 1941 5245 pensilibus,
1951 5173 1999 5242 qai

1241 5287 1286 5343 per
1294 5269 1435 5342 (lrplreum,
1452 5267 1589 5335 Μιιιιιιιιι,
1605 5267 1801 5341 scampina
1817 5263 2000 5337 Troplroniatns

1236 5364 1316 5436 {aises
1325 5361 1386 5417 dees
1396 5360 1480 5416 celere
1487 5358 1640 5417 didicerant.

348 4935 417 5008 quit,
428 4935 573 4993 Semetoris
585 4938 666 4993 nostri
675 4936 740 4993 lesos
748 4937 854 5004 dioristi,
868 4941 942 5010 oopus
952 4944 1148 5012 peronimrsem

348 5028 520 5088 Palaestinam
530 5031 636 5086 celebris
652 5031 724 5101 {eme
735 5041 800 5098 mot,
813 5032 848 5086 ad
861 5031 991 5090 Tiberium
1006 5037 1149 5108 principem

348 5123 445 5189 retulit,
454 5122 535 5178 rauba
546 5137 646 5194 qaoque
654 5122 708 5177 elio
719 5124 832 5195 ejusdem
840 5125 965 5181 mboesla
973 5144 1001 5184 se
1008 5130 1099 5183 osdito
1106 5145 1151 5185 oo·

348 5215 444 5286 cepisse
450 5214 610 5287 siqnifieons,
621 5215 760 5285 mesoides
766 5217 850 5273 darno
856 5218 891 5273 od
904 5219 981 5275 ritem
989 5229 1150 5287 reoocolttsm

350 5306 476 5377 plerisque
482 5307 542 5379 jem
552 5305 621 5364 Deos
628 5306 773 5365 iolaetsr.
781 5308 815 5364 At
823 5308 1151 5382 Tiberiaorquideroadse·

350 5408 440 5453 sotum
451 5398 568 5455 retulisse
580 5399 721 5470 perbibent,
734 5399 779 5457 sed
791 5407 907 5457 motum
922 5403 1069 5475 iujosmodi
1080 5405 1149 5462 reio·

348 5491 443 5545 tionem
466 5500 632 5559 asperatum
666 5491 767 5564 laicas
785 5494 869 5564 specie
889 5494 1002 5565 euidens,
1027 5512 1058 5553 eo
1079 5497 1149 5566 qaod
1236 5500 1303 5569 Qua
1317 5497 1447 5554 hactenus
1464 5496 1499 5556 de
1517 5495 1706 5564 (Ibriste,sive
1728 5496 1784 5553 Dee
1802 5494 1904 5568 licique
1915 5489 2000 5562 reta,

349 5591 453 5638 sanetus
465 5583 606 5640 austeritas
618 5587 653 5639 ed
665 5585 693 5640 lo
706 5601 758 5641 non
771 5594 916 5656 exspectata
932 5587 1075 5652 ridebatur,
1089 5604 1150 5644 asos
1201 5592 1258 5648 sire
1274 5605 1338 5646 rere
1349 5589 1469 5653 bomine,
1478 5603 1493 5644 a
1503 5587 1669 5645 Tertulliano
1682 5586 1784 5659 scripta
1797 5585 1924 5652 vidimus,
1938 5582 2001 5641 bns

350 5681 435 5728 tamen
456 5673 583 5731 ἱιιιιιιιι
601 5677 671 5740 asad
690 5677 919 5747 nonannoeane,
935 5697 968 5736 ne
985 5682 1149 5752 qaisolsaae
1201 5681 1248 5738 ille
1265 5679 1405 5738 veterna
1423 5693 1485 5737 csse
1507 5689 1580 5736 tanta
1599 5681 1799 5737 asseveratione
1818 5677 1952 5740 amnne.
1966 5683 2003 5733 ttt

351 5761 450 5816 semem
473 5773 576 5820 unates
597 5781 644 5836 pro
660 5766 713 5824 lieo
728 5768 1016 5844 inlacrimantem
1037 5772 1096 5840 ipro
1117 5788 1147 5828 ee
1170 5797 1176 5806 ·
1201 5774 1313 5840 nullum,
1326 5787 1362 5829 ue
1375 5771 1647 5845 minimumquidom,
1664 5770 1797 5842 relinqost
1817 5769 1853 5828 do
1874 5765 2001 5826 iisdebi-
