4242 6259
273 336 331 400 ms
981 292 1213 388 assumerem
1578 296 1583 305 ’
1873 321 1927 388 aas

277 462 336 514 turn
363 453 413 529 (ιι),
433 458 462 511 et
479 447 634 508 discrimina
655 445 826 519 popularium
852 459 901 518 per
914 442 1073 516 proclivum.
1089 442 1155 506 Ain
1167 440 1310 499 cunabulis
1326 437 1368 514 (5)
1382 438 1409 497 ln
1434 439 1532 497 saeculo
1545 436 1730 496 curtemaim:
1753 439 1928 499 exinde'titu-

277 548 412 608 Catbedra
424 556 531 617 quoquae
545 542 699 599 nominatur
713 539 812 612 ipsein
827 539 948 595 anlractu
963 536 996 593 ad
1012 552 1076 594 coo·
1128 536 1169 594 los
1193 534 1391 609 quorumdam,
1407 535 1504 607 qulbus
1532 534 1687 591 nominibus
1717 546 1924 606 nuncupemur:

278 654 383 700 sessum
398 641 475 696 situs.
490 637 584 707 ltaque
597 634 763 691 econtrario
776 632 927 704 iulelixqui
941 633 968 688 in
987 629 1076 703 quod·
1128 630 1226 689 exinde
1240 640 1404 703 apparatus,
1427 628 1525 700 quibos
1538 625 1777 697 superstitionibus
1790 628 1927 684 instruan-

277 729 539 804 cunoueeoucilium
553 727 699 798 impiomm
713 726 823 793 abierit,
838 726 903 782 elin
916 738 1077 797 quamnque
1128 732 1200 781 tor:
1225 720 1281 779 tum
1305 721 1344 797 (li
1368 723 1448 788 loca,
1475 720 1573 791 quibos
1600 719 1759 791 praesidibus
1782 719 1926 777 dicemur:

276 827 319 882 ria
334 830 506 896 peecatorum
529 821 651 888 steterit,
676 826 704 877 et
718 820 745 876 ira
766 834 926 891 quacunque
948 817 1076 876 cathedra
1128 826 1185 873 turn
1201 817 1242 890 (5)
1256 813 1801 887 artes,-quilausauctoribusdeputentur.
1817 814 1846 870 Si
1862 812 1930 884 quio

277 915 394 989 pestium
413 911 525 968 sederit.
553 909 723 967 Generaliter
749 908 851 966 dictum
871 908 1074 981 intelligamus,
1129 920 1162 964 ex
1178 907 1221 963 bis
1233 922 1287 963 nou
1301 906 1335 963 ad
1359 905 1460 962 idolum
1475 905 1653 975 pertinuerit,
1669 904 1696 961 id
1712 921 1799 977 neque
1818 904 1852 961 ad
1866 905 1929 964 ido·

277 1018 339 1067 cum
354 1003 421 1076 quid·
441 1004 521 1059 etiam
544 1001 697 1073 specialiter
710 1002 882 1072 interpretari
903 1002 984 1073 capit.
1009 1000 1077 1055 liam
1129 999 1282 1067 lolatrlam,
1298 1012 1385 1071 neque
1398 995 1431 1053 ad
1446 1004 1565 1052 nmirum
1578 996 1754 1067 cierationem
1770 997 1928 1069 pertinebit.

278 1108 307 1154 et
320 1094 603 1169 specialiterquaedam
619 1093 846 1165 pronuntiatalb),
861 1094 1077 1165 generalitersa·
1445 1088 1560 1147 corba
1579 1086 1612 1147 V.
1723 1144 1729 1157 Ι

279 1172 376 1263 piune¹
391 1188 460 1245 Cum
474 1187 546 1244 Deus
566 1186 702 1243 israelitas
715 1185 842 1243 admonet
866 1184 1078 1256 disciplicere}
1167 1182 1205 1241 be
1228 1183 1377 1256 originibus
1398 1182 1508 1255 quidem
1534 1191 1563 1238 ut
1584 1182 1777 1239 secretioribus
1801 1191 1829 1239 el
1855 1183 1931 1255 iguo-

278 1283 416 1353 objurgat,
432 1280 524 1348 uticpue
545 1278 579 1335 ad
592 1292 687 1335 ornnes
709 1277 790 1334 babet
806 1276 903 1349 (lieno.
926 1275 1000 1351 lai:
1015 1291 1077 1332 cum
1132 1278 1165 1334 tls
1187 1291 1270 1348 penes
1293 1275 1385 1348 plures
1407 1284 1561 1331 nostrorum
1582 1274 1678 1342 altius,
1696 1288 1745 1329 nec
1766 1273 1874 1330 aliunde
1889 1276 1932 1331 in-

279 1375 397 1447 AEgypto
413 1383 440 1429 et
462 1370 607 1443 AEtlriopiaa
631 1370 746 1426 exitiom
772 1369 965 1435 comminatur,
980 1368 1008 1423 in
1020 1381 1078 1424 om·
1129 1367 1314 1440 vestigandum
1331 1364 1379 1423 lult
1394 1364 1445 1438 (ola
1458 1378 1537 1437 qurum
1553 1365 1588 1422 de
1602 1364 1791 1422 instrumentis
1810 1366 1932 1423 euboica-

279 1482 341 1524 nem
354 1472 462 1537 gentem
475 1462 513 1534 (c)
529 1464 707 1533 peccatricem
733 1461 900 1532 praeiudicat.
919 1459 965 1516 Sic
989 1459 1079 1515 omnis
1131 1476 1191 1517 rum
1206 1460 1247 1533 (6)
1272 1459 1431 1515 litterarum.
1457 1454 1571 1514 Exstant
1584 1468 1708 1514 auctores
1718 1458 1806 1528 multi,
1822 1459 1866 1529 qui
1881 1474 1931 1516 su-

280 1573 347 1631 gens
369 1556 505 1628 peccatrix
516 1565 627 1610 rocatm
640 1553 772 1625 egyptus
785 1561 813 1608 ct
826 1551 962 1622 AEtbiopia
973 1548 1030 1625 (lr.
1045 1550 1080 1607 tl
1130 1566 1180 1625 per
1192 1554 1242 1609 ista
1254 1569 1286 1610 re
1299 1551 1508 1609 commentarios
1531 1546 1684 1606 ediderunt.
1699 1549 1740 1605 sb
1751 1550 1794 1606 lois
1806 1549 1931 1607 ludorum

279 1662 303 1705 ca
316 1646 401 1719 olibi.)
412 1690 419 1715 ,
431 1663 446 1701 a
458 1647 547 1716 speeie
557 1645 590 1700 ad
603 1658 697 1717 genus.
709 1642 939 1711 Quemadmodum
951 1643 1032 1699 etiam
1045 1642 1080 1698 da
1131 1644 1207 1718 origo
1220 1644 1259 1702 sic
1270 1645 1384 1701 traditur
1401 1664 1409 1702 ι
1425 1643 1515 1723 [χάει-3
1530 1657 1562 1700 ex
1577 1645 1641 1717 alsia
1655 1653 1812 1700 tractaremus
1827 1642 1853 1700 in
1875 1642 1932 1700 ilc·

279 1741 384 1812 origine
398 1736 614 1808 spectaculorum
634 1749 715 1791 omne
729 1734 914 1805 spectaculum
934 1732 1078 1790 concilium
1132 1739 1216 1815 truria
1240 1738 1416 1804 consedisse,
1442 1746 1471 1792 ot
1495 1735 1614 1792 Timacus
1639 1733 1743 1803 refert,
1771 1736 1840 1792 duce
1862 1736 1932 1809 Tyr-

279 1840 358 1888 rocat
370 1829 532 1897 impiorum,
547 1841 562 1882 a
575 1840 674 1899 genere
687 1826 721 1882 ad
734 1827 862 1898 speeiem.
1093 1802 1237 1897 Brben'o,
1253 1830 1299 1902 qul
1322 1827 1399 1885 lratri
1422 1842 1471 1885 suo
1490 1838 1611 1885 cesserat
1634 1828 1709 1898 regni
1734 1827 1907 1884 contentione
1922 1844 1931 1883 a

583 1917 697 1976 CAPUT
715 1918 761 1975 IV·
1130 1926 1212 1998 igitur
1228 1923 1255 1980 in
1266 1921 1402 1992 lletrurla,
1418 1923 1487 1979 inter
1501 1930 1615 1978 ceteros
1633 1923 1700 1977 ritus
1711 1921 1932 1990 superstitionum

316 2017 356 2073 lie
382 2015 442 2087 quis
468 2013 652 2086 argumentari
674 2027 724 2069 nos
748 2020 837 2084 putet,
852 2010 888 2069 ad
902 2012 1079 2086 principalem
1130 2024 1241 2073 suarum
1263 2016 1416 2088 spectacula
1437 2029 1544 2087 quoque
1568 2012 1706 2086 religionis
1721 2012 1831 2070 nominc
1854 2014 1931 2070 iusti-

281 2108 471 2165 aoctoritatcm
484 2115 627 2162 convertar
648 2105 734 2176 ipsius
746 2104 876 2175 signaculi
898 2105 993 2161 nostri.
1010 2104 1078 2160 Cum
1134 2118 1212 2165 uuum
1228 2127 1236 2167 ι
1250 2108 1436 2165 indeilomani
1451 2107 1597 2164 accersitos
1621 2105 1740 2163 artifices
1759 2115 1932 2177 mutuamur,

281 2215 378 2273 aquam
414 2198 528 2270 ingressi
554 2196 731 2253 christianam
759 2189 839 2252 lrdeln
870 2196 897 2251 in
924 2195 992 2266 legia
1021 2206 1079 2252 sum
1131 2211 1256 2274 ternpus,
1282 2202 1518 2268 annuntiationem,
1544 2199 1643 2256 utludi
1666 2200 1780 2273 aLydis
1795 2202 1831 2273 (e)
1853 2217 1934 2257 voca·

280 2293 364 2349 rerba
389 2288 566 2361 profitemur,
579 2288 754 2345 renuntiasse
765 2298 816 2342 nos
829 2285 938 2343 diabolo
961 2294 989 2342 et
1002 2298 1080 2357 pom·
1131 2302 1234 2348 rentur.
1248 2291 1302 2349 Sed
1317 2293 1368 2348 etsi
1392 2291 1479 2347 Varro
1502 2289 1580 2346 ludos
1601 2290 1711 2359 aloda,
1738 2291 1762 2347 id
1777 2301 1848 2347 esta
1872 2292 1933 2348 lusu

281 2390 376 2455 limi
393 2380 496 2453 31118113
523 2380 583 2451 01¹¹ss
598 2392 646 2436 ⁰³0
673 2389 767 2435 1101110
789 2387 983 2436 iolloeilfffflul'-
1008 2379 1080 2446 Quid
1130 2375 1342 2458 insumebatur,
1366 2386 1436 2441 sicut
1453 2392 1481 2440 et
1494 2384 1633 2455 Lupercus
1646 2384 1723 2440 ludos
1743 2383 1932 2456 appellabant,
1952 2454 1956 2459 Δ

281 2478 334 2534 erit
357 2486 492 2534 summum
527 2488 558 2530 ac
587 2472 626 2545 (l)
652 2473 837 2544 precipuum,
864 2472 893 2528 in
908 2486 963 2544 quo
983 2471 1079 2529 diabu-
1131 2476 1335 2550 qaodludcndo
1358 2476 1527 2543 discurram3
1557 2484 1649 2532 tamen
1670 2488 1731 2533 curn
1746 2474 1835 2532 losum
1854 2477 1934 2547 jarro-

281 2571 324 2626 lus
351 2579 379 2627 et
403 2582 510 2640 pompae
534 2575 563 2623 et
590 2567 679 2637 angeli
703 2566 762 2637 ejus
788 2573 970 2633 cerrseamor,
997 2572 1080 2637 quatit
1132 2550 1235 2628 nume't
1249 2569 1345 2628 diebus
1361 2568 1455 2638 lestis,
1471 2581 1497 2625 ct
1512 2567 1637 2641 templis,
1653 2577 1679 2625 ct
1698 2567 1872 2638 religionibus
1887 2582 1934 2625 re·

282 2660 456 2719 idololatria?
470 2674 504 2717 cx
517 2673 569 2730 qua
583 2658 671 2713 omnis
686 2657 840 2713 immundus
853 2667 882 2713 et
897 2672 1013 2740 aeguum
1025 2658 1081 2727 spi·
1132 2670 1217 2734 putat.
1244 2660 1316 2718 liibil
1337 2661 1394 2733 jam
1415 2660 1450 2717 de
1471 2674 1565 2717 caussa
1578 2658 1715 2725 vocabuli,
1741 2672 1802 2714 cum
1822 2659 1864 2731 (7)
1889 2662 1934 2717 rei

280 2754 366 2821 ritus,
381 2763 411 2809 ut
423 2754 460 2808 ita
473 2751 602 2819 dixerim,
619 2751 681 2821 quia
695 2765 745 2806 ncc
759 2749 861 2806 diutius
874 2748 908 2806 de
920 2748 982 2808 auc.
998 2749 1080 2822 igitur
1132 2768 1229 2810 causac
1242 2752 1396 2810 idololatria
1421 2752 1467 2808 sit.
1490 2750 1558 2807 Nam
1578 2760 1606 2808 et
1628 2765 1689 2821 cum
1708 2751 1861 2821 promiscue
1875 2751 1934 2808 ludi

281 2847 305 2903 si
319 2862 353 2901 cx
367 2844 518 2901 idololatria
530 2844 684 2900 commeream
697 2842 913 2913 spectaculorum
925 2852 1080 2913 paraturam
1132 2844 1265 2901 Liberalia
1280 2842 1315 2918 (()
1328 2852 1507 2911 uocarentur,
1524 2842 1655 2899 bonorem
1668 2842 1760 2898 Liberi
1774 2842 1858 2914 patris
1872 2858 1933 2899 ma·

282 2948 409 2995 constare
433 2936 604 3003 corastiterit,
632 2934 781 2991 indubitate
801 2933 1005 3006 prejudicatum
1029 2934 1082 2991 erit
1133 2935 1231 2992 uileste
1245 2936 1386 2992 sociabam.
1411 2935 1509 2992 Libero
1531 2933 1757 2991 errivmarunicis
1778 2935 1866 3006 primo
1879 2934 1931 2992 lie·

281 3021 363 3089 daur
383 3029 417 3086 ad
432 3029 587 3100 spectacula
600 3028 736 3100 pertinere
755 3027 963 3084 recordatiouis
981 3037 1081 3083 nostras
1132 3029 1197 3087 bant
1209 3029 1245 3086 ob
1265 3029 1426 3085 benclicium
1440 3026 1511 3100 guod
1531 3029 1556 3084 ei
1570 3027 1728 3085 adscribunt
1747 3040 1798 3099 pru
1818 3024 1858 3100 (8)
1879 3026 1931 3083 de-

283 3120 467 3180 testimonium
496 3121 524 3177 in
538 3122 665 3191 lauacro,
688 3135 748 3192 qrrae
768 3120 875 3177 diabolo
889 3126 916 3176 ct
934 3134 1039 3191 pompus
1054 3128 1082 3176 et
1132 3134 1281 3184 monstrata
1293 3127 1378 3198 gratia
1401 3125 1466 3182 riori.
1484 3124 1592 3181 Exinde
1609 3124 1666 3182 ludi
1688 3124 1831 3181 Consualia
1845 3124 1930 3193 dmti,

1094 3175 1117 3239 C

285 3217 389 3291 augelis
401 3216 459 3274 eius
469 3217 524 3273 sint
533 3216 700 3288 mancipata,
716 3214 820 3272 scilicet
831 3228 878 3287 prr
888 3214 1100 3304 idololatriam
1134 3220 1179 3291 qoi
1193 3218 1232 3291 (9)
1248 3218 1323 3274 initio
1350 3216 1502 3290 Neptunum
1521 3216 1699 3273 honorabaris
1717 3215 1845 3273 eumdem
1857 3216 1933 3272 euim

282 3310 562 3370 Commemorabimus
577 3308 695 3381 origines
717 3308 907 3380 singulorum,
922 3307 1018 3379 quibam
1043 3306 1084 3382 (Ξ)
1135 3324 1164 3369 ct
1176 3313 1294 3369 Goustm
1306 3312 1439 3371 uocabant
1452 3310 1522 3384 (111).
1537 3309 1642 3368 uebinc
1660 3308 1773 3382 aquirio
1785 3308 1841 3385 (ll)
1855 3306 1933 3364 blasti

898 3430 1089 3494 ascalonitis
1107 3434 1313 3493 VdellNTES.

314 3551 351 3614 (l)
368 3548 551 3623 Atquelb'quil.
1166 3551 1204 3614 (7)
1220 3550 1285 3602 Dum
1296 3549 1350 3619 llig.

314 3614 353 3735 (23
368 3614 569 3682 Aqutbuslurt.
1171 3614 1189 3663 o
1216 3612 1342 3688 Praebeat
1354 3612 1409 3683 1119.

315 3677 342 3734 (b
370 3675 528 3727 incunabulis
538 3673 628 3755 augme
1172 3676 1188 3726 9
1216 3673 1365 3734 QuctsJun.

324 3740 351 3866 ⁴3
367 3739 436 3790 Tunc
449 3732 505 3804 ltt'g.
544 3798 550 3809 ,
1177 3739 1208 3790 10
1235 3739 1413 3814 Vocantltig„

325 3802 352 3928 ἓ)
368 3800 595 3925 {iiiimxiii
1165 3802 1204 3865 (ιι
1235 3801 1297 3862 ouo
1311 3804 1438 3871 roone

957 3972 1238 4034 mensuramus.

282 4111 539 4180 exercitationibus,
554 4125 615 4184 pag.
626 4109 691 4167 895.
703 4108 764 4168 Rae.
1174 4114 1214 4187 (e)
1229 4113 1264 4172 Ut
1278 4114 1333 4172 tom
1347 4115 1453 4189 cipedo
1463 4126 1626 4173 uocarentur.
1644 4117 1727 4174 Varia
1743 4114 1786 4172 bic
1806 4115 1933 4174 lardarum

320 4185 358 4259 (a)
377 4185 412 4239 Et
426 4184 542 4240 cardines
566 4182 726 4238 balteorum.
746 4180 833 4239 Baltei
853 4183 981 4255 repagula
997 4195 1083 4253 erant,
1138 4200 1235 4258 genera
1250 4199 1391 4245 enormerat
1410 4204 1469 4259 qum
1484 4188 1543 4245 lose
1567 4202 1581 4241 a
1607 4190 1675 4245 bene
1690 4188 1780 4243 multis
1800 4189 1934 4259 explicata

281 4274 331 4317 seu
346 4256 453 4327 cingula
467 4255 588 4311 coriauea
604 4253 683 4309 bullis
693 4263 799 4318 ornata,
811 4254 908 4378 quibus
919 4255 1087 4326 constringe·
1138 4267 1210 4313 stant.
1224 4258 1386 4329 Lupercales
1401 4259 1456 4315 ludi
1473 4260 1498 4314 in
1514 4259 1644 4315 bonorem
1659 4259 1739 4314 Panis
1751 4259 1866 4327 priorum
1879 4302 1887 4321 ,
1900 4274 1934 4317 ae

282 4327 516 4398 banturequilum
535 4340 711 4383 romanorum
735 4325 863 4379 subsella
885 4326 930 4394 oui
954 4328 979 4380 in
1002 4340 1085 4384 cauca
1137 4327 1235 4385 deinde
1258 4332 1285 4386 in
1300 4330 1428 4387 bonorem
1449 4331 1531 4401 Lupre
1552 4331 1660 4387 Rrrrrroli
1683 4330 1794 4386 nutricis
1818 4330 1933 4388 instituti

280 4400 423 4463 sedebant,
454 4397 513 4453 loco
532 4395 852 4469 opertocbaltciautem
878 4396 922 4451 isli
938 4395 1085 4454 iratrrisseu
1137 4410 1211 4456 surm.
1230 4400 1363 4456 Liberalia
1379 4402 1404 4456 iu
1421 4401 1550 4457 lrorrurcm
1561 4401 1660 4463 Liberi,
1676 4400 1845 4457 senunccbi.
1862 4400 1932 4455 Corn·

281 4473 371 4529 libulis
384 4469 542 4540 orrilrosdam
556 4476 634 4524 erant
646 4468 753 4533 connexi,
769 4482 849 4537 uuam
863 4468 898 4521 ab
912 4483 968 4523 rem
983 4470 1085 4525 ttrcarrl
1138 4473 1231 4535 satalia,
1247 4472 1281 4526 ab
1302 4472 1363 4527 aliis
1377 4472 1431 4527 ludi
1447 4475 1599 4539 circenses,
1615 4473 1641 4526 in
1654 4473 1783 4528 lruuorem
1804 4471 1930 4542 Neptune

282 4545 375 4600 luxum
389 4539 508 4597 indicans
519 4539 683 4595 diaconistios
695 4547 764 4594 orat.
779 4538 974 4607 dirimerem
984 4558 1030 4598 roa
1040 4564 1085 4595 err·
1096 4553 1123 4613 1)
1136 4542 1257 4599 Cerealia
1282 4544 1310 4598 in
1334 4542 1463 4599 lronorcm
1489 4543 1616 4610 Cereris,
1633 4542 1742 4613 Louiria
1754 4544 1780 4597 iu
1802 4543 1930 4599 ituttbbettt

281 4622 449 4690 piacularem
465 4621 573 4681 scirpeo,
586 4610 697 4664 contradus
715 4609 894 4680 pemstylorrort
904 4610 996 4666 tbeutri
1006 4630 1017 4678 ,·
1029 4627 1083 4682 quo
1136 4614 1246 4679 birotis,
1262 4615 1302 4669 sic
1316 4612 1378 4669 dicti
1394 4624 1457 4670 sum
1471 4614 1488 4669 ii
1510 4614 1563 4669 ludi
1577 4613 1612 4669 ab
1625 4629 1755 4681 ceruorum
1771 4626 1868 4683 errrsu,
1884 4612 1930 4687 gui

282 4702 363 4745 seusu
376 4684 473 4741 dieitur
484 4683 642 4739 arulicilrris.
656 4683 723 4738 Ean.
1137 4686 1164 4740 iu
1175 4700 1234 4739 earo
1255 4700 1269 4737 o
1283 4684 1377 4739 llartio
1391 4685 1596 4741 exercebamur.
1608 4683 1647 4739 Le
1659 4684 1707 4740 Pu.

318 4758 360 4831 (Ιι)
381 4755 451 4811 Nom
462 4764 486 4809 et
498 4752 643 4822 specialiter
657 4753 777 4824 qrtmdcnt
791 4754 967 4822 pronuntiato.
980 4754 1083 4824 Begeda
1173 4755 1209 4826 (1)
1231 4699 1378 4811 Βιιιιὲιιιιε
1402 4755 1456 4810 ludi
1478 4755 1595 4810 liberalia
1616 4771 1670 4811 uos.
1687 4750 1745 4811 lion
1770 4755 1932 4814 intellexere

282 4831 317 4886 ad
329 4829 493 4885 laureto-oum
507 4824 655 4908 scripturae
669 4839 757 4881 sacrm
770 4825 892 4892 apprime
904 4823 986 4877 utilis.
1002 4827 1082 4894 Atqui
1136 4826 1207 4881 lrrrrrc
1233 4827 1321 4881 locrrm
1345 4828 1390 4896 ouri
1419 4827 1513 4882 dixere
1544 4825 1621 4881 ludos
1655 4840 1750 4883 omues
1780 4828 1933 4897 promiscue

282 4901 354 4973 quood
369 4901 433 4955 dicit
450 4900 493 4954 lrlc
506 4898 641 4962 omatibus,
656 4897 761 4952 dictum
775 4895 846 4965 quood
859 4894 986 4949 israelitis
1005 4894 1082 4952 dice·
1136 4898 1223 4953 dictos
1235 4896 1388 4963 Liberalia,
1409 4899 1508 4952 rrtrrltos
1520 4907 1601 4962 uoto,
1624 4897 1652 4952 ln
1673 4898 1766 4966 primis
1788 4897 1931 4955 llcralduut

282 4973 371 5037 bamur,
395 4984 449 5025 non
465 4985 519 5026 uuo
541 4973 567 5024 in
582 4969 642 5023 loco
656 4969 794 5022 annotarit
814 4965 845 5019 B.
862 4965 1041 5037 Hieronymus
1055 4968 1082 5022 in
1136 4969 1183 5025 lib.
1199 4983 1217 5033 ι,
1230 4969 1345 5039 digress.
1361 4984 1421 5036 cap.
1433 4966 1478 5023 28.
1494 4967 1560 5023 nillil
1573 4968 1724 5023 absrrrdros.
1738 4972 1789 5035 dra,
1806 4970 1931 5037 obsecro,

282 5043 378 5116 propo.
393 5042 459 5098 Patr.
1136 5040 1280 5096 Consrrnlia
1294 5081 1301 5104 ,
1319 5040 1446 5108 liquirici,
1459 5038 1592 5109 Tarpeia,
1619 5039 1774 5111 Robigalia,
1788 5038 1840 5095 dici
1853 5050 1930 5109 pote·

319 5116 356 5188 (c)
378 5112 410 5167 lo
424 5128 522 5168 ornnem
535 5121 636 5183 germem
651 5109 815 5181 peccatricem
829 5107 992 5179 praeiudicet.
1007 5107 1085 5166 Hune
1135 5120 1196 5168 rant
1209 5109 1362 5165 Liberalia?
1381 5124 1475 5181 apage.
1493 5109 1548 5164 llus
1563 5110 1634 5165 enim
1650 5125 1729 5165 aerato
1750 5110 1833 5173 diro,
1850 5126 1932 5168 norrun

282 5185 489 5242 incarn-uacua
506 5183 588 5239 etiam
614 5178 742 5235 aduersus
765 5177 884 5235 ducimus.
899 5179 981 5238 Sicet
995 5178 1083 5253 AEgy-
1135 5182 1246 5238 audivit.
1269 5183 1321 5249 Qui
1342 5182 1413 5238 lslud
1438 5184 1578 5251 imponunt
1597 5181 1779 5247 Tertulliano,
1804 5181 1933 5254 irtjoriam

280 5267 353 5326 ptus,
379 5256 485 5325 inquit,
521 5266 711 5321 nortuunpoam
749 5260 821 5307 totus
852 5250 925 5309 urbis
958 5252 1085 5324 intelligi·
1135 5255 1237 5309 faciunt
1264 5254 1364 5309 laomini
1391 5253 1579 5309 scientissimo.
1609 5254 1724 5309 Tantum
1750 5256 1931 5323 montiscuam

284 5339 337 5389 tor.
352 5335 404 5380 etc.
425 5330 483 5381 lite.
1137 5329 1206 5383 lrauc
1220 5326 1421 5394 ositrpationem
1443 5324 1558 5379 rioruiuis
1574 5324 1600 5379 in
1615 5338 1648 5381 eo
1662 5325 1751 5396 ponit,
1767 5324 1838 5394 quod
1850 5324 1932 5384 Lilae-

321 5398 361 5472 (d)
383 5398 465 5452 Altius
477 5412 522 5451 ner
534 5396 638 5451 cliorrde
650 5396 853 5469 inuestigandum
866 5397 925 5469 [ait.
948 5396 994 5452 Sic
1016 5392 1078 5455 libri
1137 5398 1222 5464 ralia,
1246 5395 1407 5461 canusinatis,
1431 5403 1459 5450 et
1482 5395 1583 5464 reliqua
1609 5394 1781 5467 liujrrsmudi,
1803 5396 1931 5456 dicuutur

284 5471 413 5525 bacteuos
434 5469 544 5532 excusi,
569 5467 650 5522 Penes
671 5469 756 5537 plures
774 5478 918 5521 rauracorum
942 5469 1027 5524 utrina.
1050 5472 1081 5526 lrr
1132 5475 1212 5530 etlam
1229 5471 1352 5527 alrsolute
1365 5471 1429 5527 ludi.
1444 5474 1536 5543 lraouc
1547 5487 1598 5528 vox
1613 5470 1675 5535 ism,
1691 5470 1781 5538 ludus,
1799 5470 1931 5529 intimatur

284 5540 431 5609 eucarplari
447 5539 578 5610 agobardi
593 5540 704 5612 legitur:
718 5540 752 5596 Ut
764 5541 939 5596 secretioribus
951 5553 974 5596 et
987 5544 1080 5612 ignotis
1132 5545 1255 5601 omnibus
1271 5543 1460 5602 festivitatibus
1473 5544 1668 5612 idololatricls;
1685 5558 1747 5599 nam
1771 5554 1870 5619 ornarat
1883 5542 1932 5601 isli

285 5628 361 5686 penes
376 5611 460 5680 plures
481 5620 624 5666 nostrorum
636 5613 708 5667 ertia.
723 5611 814 5674 Forte,
829 5611 904 5677 acris,
928 5625 955 5668 m
980 5615 1080 5670 Rorma-
1132 5615 1332 5672 oicrrnturiuoi.
1342 5616 1376 5670 tit
1387 5618 1447 5673 ideo
1460 5619 1550 5674 statim
1566 5617 1660 5684 addit,
1678 5614 1782 5671 Euiuoe
1795 5613 1852 5669 tiro
1861 5612 1933 5673 Cotr-

284 5696 381 5738 norum
407 5682 463 5735 siue
484 5681 630 5739 Gentilium
653 5698 742 5738 amun
768 5682 903 5752 Origines,
929 5696 990 5740 acta
1017 5700 1079 5741 esse
1132 5686 1311 5754 ruoliudicti3
1328 5696 1356 5742 et
1381 5689 1443 5745 inde
1457 5691 1608 5759 liquetuou
1632 5700 1729 5742 trorrreo
1744 5685 1831 5741 solum
1857 5682 1932 5755 lardi,
1979 5722 1989 5737 .

286 5752 383 5807 dixerit
395 5753 538 5807 secretiora
550 5794 557 5819 ,
569 5764 596 5807 et
606 5753 742 5824 plerisque
750 5754 959 5809 eluistiaoorum
978 5758 1078 5824 ignota.
1132 5758 1180 5812 scd
1195 5772 1252 5815 rem
1263 5757 1439 5831 signiomtom
1451 5776 1497 5830 per
1509 5759 1599 5815 ludum
1610 5758 1786 5827 utancipatam
1798 5768 1861 5813 esse
1874 5756 1934 5814 tlat-

287 5821 584 5893 Sedminimedispticet
596 5824 700 5895 suigaut
712 5824 1078 5895 lectio,olriusneacltonoe.
1133 5830 1274 5901 uronibusg
1293 5834 1343 5888 boc
1356 5832 1428 5889 euim
1449 5830 1563 5905 probare
1576 5829 1760 5887 ‘tertullianus
1772 5826 1840 5887 uult
1860 5826 1933 5889 [ue.
