4242 6259
303 365 362 431 ω
1010 347 1247 417 ruusuuunnt
1904 356 1960 421 ott

303 480 351 539 tali
366 487 435 538 teste
455 476 653 548 terramque
664 488 737 534 nuno
753 472 907 534 dornieatur
920 472 980 532 orbi
998 471 1106 529 etiamsi
1118 469 1147 533 Α
1158 468 1302 529 deterioris
1324 470 1492 531 coaditimts
1508 472 1546 530 ab
1557 471 1635 529 iuitie
1649 470 1713 529 'esse
1725 471 1885 540 voluerunt3
1908 481 1960 535 aut

303 574 341 631 du
353 573 457 645 origiue
470 569 580 627 Saturni
593 568 742 636 dubitatum.
752 568 789 627 de
809 576 870 626 aaut
892 576 983 626 tamen
996 574 1106 625 cousmt
1155 564 1177 621 si
1190 579 1271 622 nemo
1283 574 1335 636 est,
1344 566 1391 639 qui
1403 566 1470 624 deos
1482 565 1807 638 ieceritouornodossiacti
1818 567 1954 639 dicentur,

303 667 443 725 ltetninern
457 665 535 723 iilum
547 663 642 722 itdssd.
657 663 694 721 lta
708 663 732 721 si
745 663 828 721 bomo
846 662 994 732 sumnus,
1008 660 1106 735 procul
1155 658 1267 730 quinon
1281 660 1333 716 nisi
1346 659 1381 717 ab
1393 659 1517 717 aliodem
1532 660 1704 732 potuisseutl
1723 660 1760 716 tta
1772 660 1863 718 nullus
1876 661 1957 721 datur

303 759 386 818 dubio
409 757 445 816 dc
467 755 612 834 [Ιιοιιιωο]ν
634 757 759 830 imoqaia
780 757 880 826 bomo,
895 768 949 813 non
964 758 1055 826 udone
1069 753 1107 811 du
1155 752 1232 808 uobis
1246 752 1379 810 rmuendi
1393 753 1481 822 iocus,
1495 752 1716 825 estemancipem
1728 753 1959 824 qttcmdamditi·

303 852 374 911 coelo
386 854 470 922 atoue
483 859 567 909 terra.
578 848 633 907 Sed
646 848 723 922 onius
736 856 862 922 parentes
880 848 975 921 ignoti,
989 845 1103 920 quibus·
1156 842 1257 901 uitatis.
1272 845 1471 917 Perspiciamus
1485 846 1575 918 itaque
1584 859 1693 903 caussas
1705 845 1858 917 allegandae
1882 862 1957 905 mor·

303 944 365 1002 dam
375 941 458 1001 tacite
470 941 523 1000 init
534 941 612 999 titan
624 948 718 999 eorum
729 940 815 998 lilium
828 939 893 1010 dici,
905 954 1023 1013 quorum
1038 953 1103 1010 pus·
1155 924 1267 994 talitatis‘
1279 937 1306 993 in
1318 938 1430 995 coelura.
1446 938 1548 995 liarum
1566 936 1699 1010 duplicem
1711 938 1849 997 rationem
1870 939 1957 998 credo

303 1044 473 1098 suntnmncs
482 1034 1108 1109 riderl.(l)Quisenimuoncmlnmaeterram
1157 1029 1384 1101 proieretinraut
1400 1031 1536 1091 enimiilu
1552 1069 1644 1089 ........
1663 1031 1726 1104 quis
1739 1032 1811 1090 idem
1825 1042 1958 1104 praestans

303 1140 409 1205 patrem
423 1143 466 1187 ao
486 1137 601 1186 matrem
616 1128 798 1185 venerationis
815 1129 900 1200 gratia
915 1125 1049 1209 appellati
1063 1127 1108 1182 dn
1156 1119 1231 1189 lacit,
1255 1130 1284 1177 ut
1303 1121 1402 1180 babeat
1428 1122 1471 1180 rel
1486 1122 1659 1180 amminicula
1673 1123 1716 1180 rel
1731 1123 1899 1181 munimenta
1916 1127 1960 1185 rei

304 1224 340 1282 tle
351 1221 548 1281 consuetudine
561 1222 689 1286 mana.
704 1236 756 1292 qua
770 1220 855 1293 ignoti
869 1220 969 1292 quique
988 1233 1023 1275 ex
1043 1217 1106 1274 ino·
1157 1215 1238 1273 etiam
1251 1225 1411 1274 ornamenta
1423 1216 1522 1291 lastigii
1541 1218 1601 1284 sui,
1624 1226 1671 1275 aut
1685 1218 1845 1274 meriturum
1865 1233 1959 1278 ueces-

304 1316 397 1388 pinatn
410 1321 569 1387 apparentes
578 1313 613 1371 de
626 1313 697 1371 nmio
703 1312 851 1369 aduenisse
861 1298 999 1368 dicuntur?
1007 1310 1105 1368 Proin·
1157 1307 1225 1364 sitas
1235 1323 1309 1366 ...ns
1319 1308 1408 1381 dignis
1420 1309 1582 1382 quibusque.
1593 1309 1673 1367 alind
1687 1309 1753 1381 quid
1763 1310 1892 1383 suspicari
1903 1327 1960 1371 uon

304 1407 386 1465 de...
397 1421 507 1479 semper
517 1422 595 1478 ep...
605 1405 746 1477 repemino
759 1403 811 1478 (Ξ),
825 1402 1108 1476 ubiqueluoleritcm·
1157 1399 1244 1462 datur.
1261 1400 1348 1458 Nemo
1467 1401 1566 1474 pientio
1578 1402 1667 1469 alicui,
1683 1410 1729 1458 aut
1742 1416 1796 1459 noir
1806 1416 1853 1459 sua
1868 1411 1915 1459 aot
1925 1404 1960 1460 il·

305 1498 458 1557 litemdici.
477 1498 544 1556 iiam
558 1498 679 1570 etrulpo
692 1495 928 1569 generieinoertos
941 1502 1021 1551 terrm
1034 1494 1107 1552 lilios
1155 1491 1208 1549 lius
1229 1507 1324 1551 caussa
1348 1493 1420 1551 imit.
1443 1493 1498 1551 Sed
1523 1509 1612 1566 neque
1623 1530 1705 1552 .......
1732 1504 1826 1566 petere
1853 1495 1959 1552 murini

232 1635 236 1642 .
303 1592 520 1665 jactitamusio).
531 1590 739 1663 Nitrilallegode
748 1598 820 1647 statu
829 1590 1004 1662 antiquitatis,
1015 1604 1105 1662 pua...
1154 1586 1226 1643 inest
1237 1595 1490 1660 tautactpotestas.
1499 1595 1530 1644 ut
1544 1587 1649 1644 scilicet
1661 1624 1719 1643 .....
1733 1586 1821 1654 iacnt,
1837 1587 1860 1644 si
1878 1595 1954 1644 tantu

304 1683 386 1742 rudes
399 1685 439 1758 (ὅ)
452 1692 516 1740 tunc
525 1684 707 1755 acclamaret
718 1682 788 1739 oculi
801 1690 942 1739 etmeutes
953 1681 1105 1751 bominum,
1156 1677 1311 1736 humanitas
1327 1680 1473 1753 irrogetur,
1486 1680 1532 1752 utri
1546 1687 1623 1752 egeat
1636 1695 1717 1751 opera
1731 1681 1773 1736 vel
1796 1679 1955 1752 adjumento

304 1786 334 1833 ut
348 1775 496 1847 cujuslibet
508 1774 572 1831 nori
586 1775 637 1831 riri
655 1783 767 1847 aspectu
787 1775 865 1847 quasi
879 1773 971 1831 diuino
985 1788 1107 1831 commo·
1160 1774 1351 1846 quorumdam,
1369 1784 1397 1833 et
1408 1776 1518 1848 quidem
1524 1785 1711 1844 mortuorum,
1720 1792 1775 1848 uuo
1788 1778 1888 1834 rutrum
1899 1793 1958 1835 ma·

304 1876 443 1936 verentur,
454 1866 555 1924 nedum
564 1875 593 1924 et
604 1866 687 1939 regis,
701 1876 728 1924 et
742 1865 851 1938 quidem
863 1866 952 1937 primi.
967 1865 1107 1922 Adhuede
1119 1885 1146 1948 Β
1157 1867 1208 1940 git,
1223 1882 1285 1924 cnm
1308 1868 1376 1925 alins
1401 1868 1453 1926 sibi
1475 1869 1644 1926 immortales
1658 1869 1804 1926 instituere
1815 1871 1960 1940 potuisset.

304 1961 421 2018 Saturno
437 1959 612 2029 immorabor,
636 1958 709 2030 quod
733 1967 763 2016 et
781 1958 888 2015 caeteris
914 1957 1107 2029 compendium
1157 1960 1319 2018 llecdiutius
1333 1960 1369 2019 de
1371 1999 1438 2019 ......
1453 1962 1660 2034 tusconouiret,
1672 1963 1719 2034 qui
1732 1963 1961 2023 bumanadirinis

305 2060 488 2124 praestream,
511 2050 607 2107 sedata
623 2049 833 2123 primordiorum
843 2049 1108 2123 disputatiouctueu
1157 2055 1333 2128 compararit.
1357 2054 1393 2113 Sa
1395 2092 1452 2113 .....
1463 2055 1519 2112 rior
1532 2056 1624 2127 opinio
1638 2063 1691 2124 est,
1710 2054 1810 2112 discuti
1819 2055 1901 2114 debet
1912 2099 1922 2127 ,
1934 2058 1960 2115 si

306 2144 508 2217 pratermittam
531 2144 636 2215 potiora
660 2144 813 2201 testimonia
834 2143 988 2200 divinarum
1003 2143 1107 2199 littera-
1157 2146 1225 2204 deus
1238 2147 1350 2204 reminis
1353 2185 1493 2206 ............
1508 2148 1570 2205 buta
1583 2150 1606 2204 si
1621 2148 1742 2218 pristinis
1756 2149 1822 2206 ritis
1823 2188 1955 2210 ...........

303 2253 376 2304 rum,
404 2236 502 2308 quibus
523 2234 591 2293 ildes
603 2250 654 2308 pro
666 2235 825 2309 antiquitate
837 2237 961 2308 superior
979 2235 1108 2293 (lebetum
1157 2239 1372 2311 recogitandum.
1385 2239 1464 2309 Quod
1475 2240 1575 2298 exinde
1589 2255 1669 2297 nemo
1689 2240 1735 2313 dip
1738 2277 1805 2298 ......
1816 2242 1840 2298 si
1859 2257 1960 2315 capere

195 2350 198 2363 =
305 2332 376 2389 Amo
390 2331 462 2411 enim
481 2327 593 2403 Sibylla,
611 2344 692 2400 quant
713 2329 802 2386 omnis
816 2328 975 2400 literatura,
986 2329 1104 2386 exstitit.
1155 2331 1212 2402 jam
1230 2332 1305 2391 locus
1319 2347 1373 2389 non
1389 2333 1731 2405 potest'lnntisuidelicet
1743 2372 1932 2396 ................
1942 2352 1961 2395 a

304 2422 352 2480 itta
372 2423 475 2480 scilicet
495 2421 599 2495 Sibylla
611 2420 667 2495 (i),
683 2421 740 2478 ucri
768 2436 844 2487 rora,
858 2422 977 2495 namsia}
987 2431 1015 2480 et
1027 2422 1110 2495 cujtts
1157 2427 1289 2482 meruerit
1300 2425 1457 2498 antiquitus.
1472 2427 1547 2498 Ergo
1559 2443 1594 2484 an
1606 2426 1747 2496 meruerit,
1761 2444 1792 2486 re
1804 2466 1896 2487 ........
1907 2446 1961 2489 me·

304 2514 435 2573 uocabula
447 2514 644 2572 demoniorum
666 2514 771 2572 tatibus
793 2514 929 2574 induistis.
943 2517 982 2573 lla
997 2518 1106 2575 senario
1157 2518 1255 2588 unisse,
1267 2529 1401 2592 proponat
1424 2520 1510 2593 ipsius
1523 2522 1631 2579 merita.
1648 2522 1755 2594 Siquid
1775 2522 1802 2579 in
1818 2526 1961 2584 cunabulis

304 2620 387 2665 uersu
400 2609 427 2663 in
442 2607 514 2664 lruuc
531 2623 640 2665 sensum
655 2608 690 2666 de
704 2607 813 2666 Saturni
836 2611 959 2681 prosapia
976 2620 1004 2668 et
1022 2611 1105 2669 reims
1157 2649 1262 2668 .........
1285 2611 1377 2680 litatis,
1404 2613 1495 2671 valent
1517 2612 1719 2686 adsudragiutn
1732 2613 1890 2691 dirimtatis,
1916 2617 1962 2673 ln·

304 2700 364 2771 ejus
376 2700 488 2772 exponit
503 2684 644 2767 z'decima,
657 2699 754 2772 inquit,
767 2700 891 2774 parcitura
905 2701 1056 2769 homiuum,
1069 2717 1106 2760 eu
1156 2712 1294 2761 cestorum
1307 2738 1372 2761 ......
1374 2742 1387 2760 .
1397 2704 1482 2778 Opem
1498 2714 1527 2762 et
1538 2706 1685 2764 Saturnum
1697 2706 1795 2771 iratres
1804 2710 1959 2781 recepistis.

303 2808 359 2864 quo
368 2791 562 2866 mtaciysmum
573 2791 708 2862 prioribus
719 2791 826 2858 accidit,
837 2793 961 2865 regnauit
971 2793 1105 2851 Saturnus
1157 2794 1284 2853 Furtivus
1297 2796 1384 2853 inians
1388 2835 1456 2855 ......
1470 2806 1513 2855 ter
1538 2798 1635 2871 diguus
1648 2809 1674 2857 ct
1690 2808 1760 2857 terto
1773 2809 1801 2859 ct
1814 2801 1898 2858 ubere
1910 2803 1962 2859 bu·

304 2893 333 2942 et
346 2884 425 2941 Titan
449 2894 478 2942 et
498 2882 639 2962 Jamietue,
655 2884 748 2942 lcrrae
759 2894 787 2942 et
801 2884 871 2943 coett
891 2885 1030 2943 fortissimi
1042 2887 1110 2965 lilii}
1157 2904 1250 2958 mano,
1271 2890 1424 2962 meritoque
1445 2891 1521 2949 incre
1538 2930 1630 2950 ........
1645 2900 1698 2949 nm
1713 2893 1785 2949 reela
1804 2893 1961 2951 manebunt.

303 2975 333 3035 st
345 2991 397 3049 qua
412 2991 490 3049 ergo,
504 2976 550 3034 rei
563 2977 709 3036 uestris...
725 2979 819 3036 oribus
831 2979 930 3037 litteris
945 2981 1043 3038 uestris
1056 2997 1105 3039 su·
1157 2982 1272 3039 adulans
1285 2981 1404 3054 denique
1412 2983 1638 3057 qualemcumque
1654 2984 1819 3057 genitorem,
1928 2986 1962 3042 li·

304 3071 465 3144 perioribus,
489 3071 538 3129 sed
557 3072 660 3132 idcireo
682 3073 767 3147 magis
789 3075 967 3147 proximis...
988 3077 1017 3134 ln
1030 3076 1118 3135 lilius·
1156 3076 1308 3144 tissimum,
1335 3090 1426 3148 regem
1447 3076 1522 3134 aurei
1535 3075 1640 3134 seilicet
1657 3077 1759 3146 seculi,
1776 3076 1826 3135 sub
1841 3092 1895 3150 quo
1913 3078 1963 3134 la-

304 3165 399 3232 niatis,
414 3163 481 3223 fides
490 3164 605 3238 udinem.
1156 3167 1338 3240 borisinepite
1353 3206 1421 3225 ......
1442 3183 1475 3224 ac
1496 3183 1549 3240 pax
1570 3169 1731 3241 quiescebat
1755 3170 1807 3227 sub
1831 3170 1961 3242 puonuili

341 3258 386 3315 te.
399 3255 471 3317 Satis
484 3257 685 3317 deSaturnoet
699 3258 828 3332 ermapta
848 3261 955 3333 ejus...
978 3276 1025 3319 um
1046 3250 1143 3332 est,C
1158 3262 1320 3336 subigebant
1333 3276 1396 3318 arra
1418 3262 1520 3330 uoloni,
1536 3300 1628 3321 ........
1649 3263 1728 3321 tellus
1747 3265 1961 3339 nudoposceute

304 3350 430 3408 homines
452 3350 546 3408 luisse
561 3350 697 3410 Tenemus
719 3352 921 3425 compendium,
948 3354 976 3410 iu
993 3363 1107 3412 ceteros
1157 3355 1271 3414 terebat
1286 3355 1339 3415 Sed
1353 3355 1448 3413 oderat
1459 3363 1563 3428 patrem
1582 3358 1715 3416 incestum
1728 3359 1845 3430 elusa..
1858 3366 1961 3416 castra·

306 3441 419 3513 originis
438 3441 680 3513 praescriptionem,
694 3456 729 3498 ne
742 3457 791 3511 per
810 3443 931 3515 singulos
950 3459 1107 3516 evagemur.
1158 3455 1245 3505 torem
1260 3485 1317 3505 .....
1333 3448 1405 3506 Ecce
1418 3450 1619 3522 autemetipse
1634 3464 1697 3507 com
1711 3464 1808 3508 sorore
1821 3451 1961 3519 miscetur,

304 3533 426 3605 Qualitas
441 3535 605 3606 posteritatis
619 3549 635 3589 a
647 3533 815 3606 principibus
822 3535 930 3607 generis
942 3536 1107 3607 ostenditur,
1158 3547 1189 3595 ut
1198 3538 1261 3596 buic
1271 3540 1389 3612 primum
1401 3541 1502 3597 dictum
1515 3550 1606 3613 putem
1621 3560 1628 3597 ι
1650 3552 1693 3599 no
1706 3551 1799 3617 ncepta
1813 3554 1841 3601 aa
1852 3548 1958 3601 aetites.

310 3626 435 3684 mortalia
445 3625 480 3683 de
493 3625 670 3693 mortalibus,
687 3637 794 3684 terrena
817 3628 852 3685 de
865 3628 991 3696 terrenis,
1007 3627 1107 3700 gradus
1159 3628 1225 3686 Tana
1236 3632 1297 3704 pius
1310 3641 1394 3704 peter,
1409 3647 1490 3703 quarn
1501 3632 1562 3704 pius
1572 3633 1645 3689 nllus
1658 3669 1738 3689 .......
1741 3649 1768 3689 ιιι
1780 3641 1844 3690 tunc
1856 3634 1962 3706 legibus

305 3717 340 3776 ad
354 3717 454 3791 gradus
474 3727 673 3791 comparantur,
696 3721 813 3790 nuptia,
834 3726 979 3790 conceptus
1000 3722 1106 3780 natales
1157 3732 1293 3796 ageretur,
1315 3724 1341 3779 iu
1365 3724 1436 3780 duos
1457 3724 1560 3781 culleos
1578 3724 1665 3781 diuidi
1677 3722 1771 3781 Jooem
1785 3722 1890 3780 dcent·
1891 3762 1962 3782 ......

304 3821 483 3871 cucurrerunt
495 3813 590 3885 patrie
603 3812 693 3883 sedes,
708 3828 790 3887 regna
803 3821 975 3871 monumenta
986 3813 1044 3872 1....
1058 3815 1106 3887 qui
1157 3815 1303 3883 dubitaret,
1315 3814 1426 3872 libidine
1437 3814 1473 3870 ab
1485 3815 1590 3872 incesto
1604 3813 1789 3880 corroborata,
1803 3813 1830 3871 iu
1842 3813 1961 3885 leviora,

306 3915 386 3964 natos
396 3919 450 3963 non
463 3915 576 3978 possunt
586 3922 693 3980 negare,
708 3914 828 3965 mortuos
841 3908 1022 3982 credantpui
1032 3925 1108 3969 mom
1155 3907 1183 3964 id
1196 3914 1248 3973 est,
1266 3945 1356 3964 ........
1371 3916 1399 3963 et
1421 3917 1513 3979 stupra
1538 3907 1704 3964 diffunderet
1718 3906 1753 3963 de
1773 3921 1828 3978 quo
1849 3909 1958 3979 poetica

303 4010 365 4060 tuos
377 4001 549 4067 condicatur,
563 4000 630 4059 deos
643 4015 696 4063 non
710 4008 813 4072 putent.
828 4002 882 4061 Sed
895 4004 968 4060 enlm
981 4004 1106 4063 maniter·
1156 4001 1197 4057 sic
1214 4000 1347 4056 lusitarit.
1361 4000 1506 4069 Quomodo
1588 4001 1624 4058 dc
1635 4000 1747 4074 iupitiuo
1757 4000 1847 4072 palam
1859 4001 1961 4060 lactum

195 4152 202 4167 ‚
304 4094 340 4151 tis
353 4093 396 4150 ris
409 4091 677 4167 suaudsistithuus
692 4094 870 4168 aprirnordlo
883 4111 938 4154 non
940 4133 996 4153 .....
1007 4097 1104 4155 diuini·
1155 4092 1274 4148 solemus
1287 4100 1316 4149 et
1327 4106 1437 4164 operam
1447 4094 1506 4163 ejus
1520 4108 1619 4166 paeon
1629 4130 1710 4150 ·······
1721 4093 1961 4152 abusuinundiua·

304 4193 397 4255 tatem,
409 4185 571 4244 aldrmmado
590 4187 652 4245 illos
672 4198 734 4260 post
755 4196 870 4247 mortem
883 4190 950 4248 deos
962 4189 1059 4262 laetos,
1077 4199 1109 4249 ut
1158 4200 1188 4243 re
1202 4173 1354 4259 (l)iraod'o
1368 4185 1491 4259 inprctia
1505 4186 1696 4243 luxuriarum
1707 4185 1901 4258 figurando...
1914 4187 1964 4244 bn·

304 4277 401 4348 Varro,
414 4280 500 4352 etqui
518 4295 581 4338 cum
595 4295 629 4337 co
649 4281 861 4339 somniaverunt.
885 4281 935 4340 llic
952 4284 1033 4355 igitur
1042 4298 1109 4341 con·
1158 4291 1219 4334 rem
1234 4284 1280 4332 aut
1294 4276 1408 4349 pretium
1421 4277 1499 4334 bovis
1508 4277 1680 4349 pensaverit,
1694 4286 1723 4333 et
1737 4277 1852 4334 imbrem
1866 4273 1972 4350 pergei

303 4370 372 4428 sisto
373 4408 430 4428 .....
446 4372 500 4430 alle
503 4408 558 4428 .....
574 4371 949 4443 turcomannorum,
965 4376 1036 4433 utin
1058 4388 1104 4434 or·
1159 4371 1248 4429 lis....
1260 4371 1366 4428 aditum
1375 4372 1490 4443 pecunia
1503 4369 1624 4442 ruperitl
1639 4369 1722 4426 modo
1731 4371 1758 4426 in
1774 4370 1964 4428 similitudines

294 4463 396 4523 'dinem
417 4467 593 4537 senatorium,
610 4504 667 4526 .....
681 4478 772 4525 restra
786 4506 841 4528 .....
856 4470 959 4529 cedatis
977 4472 1035 4542 jam
1059 4486 1108 4532 ne·
1158 4463 1309 4535 actuumip
1311 4499 1392 4521 .......
1405 4463 1462 4530 im,
1488 4463 1651 4535 tpuirapuit,
1667 4461 1852 4535 cycnumqui
1865 4471 1963 4518 canta·

215 4608 220 4615 ,
303 4571 382 4616 ecsse
397 4566 448 4629 est,
464 4558 581 4633 aliquem
603 4563 952 4623 eommumdomtmcooem
1037 4567 1107 4625 2110.
1158 4565 1244 4614 uerat.
1259 4553 1509 4613 Adeononiabuite
1520 4555 1655 4612 istasunt
1670 4551 1743 4610 dein
1752 4590 1848 4611 ........
1867 4552 1903 4610 sit
1925 4568 1964 4612 an

303 4650 1108 4732 panotmnmnm,etquasucaesnemnaquenntnmm
1160 4650 1314 4707 uouisset
1328 4687 1446 4705 ··········
1464 4648 1743 4719 nanaattnnnmms
1756 4684 1850 4703 ········
1864 4647 1965 4704 ruisse

303 4745 364 4801 aliis
378 4755 507 4817 prestare
520 4754 617 4819 petest,
630 4750 676 4821 qui
689 4764 742 4807 nou
763 4750 823 4823 ipsc
841 4749 1004 4809 dominetur.
1019 4750 1108 4812 Gnate-
1156 4745 1329 4820 iampridem
1342 4759 1358 4801 a
1369 4744 1423 4802 ilde
1436 4758 1486 4815 uer
1499 4743 1557 4800 incr
1569 4780 1649 4800 .......
1661 4757 1719 4799 uon
1732 4741 1861 4799 estnobis
1870 4748 1964 4799 arten·

304 4852 366 4895 rum
376 4838 399 4895 si
413 4847 558 4911 potuerunt
569 4841 635 4899 deos
646 4854 708 4899 sese
721 4841 811 4900 iacere
825 4851 888 4915 post
901 4852 1028 4916 mortem,
1038 4859 1109 4907 a....
1158 4843 1216 4900 sius
1227 4837 1371 4913 agendum.
1398 4836 1426 4895 st
1446 4837 1520 4895 enim
1538 4846 1567 4895 et
1586 4852 1616 4895 re
1620 4872 1716 4894 ........
1729 4836 1808 4908 pibus
1822 4842 1851 4892 et
1870 4848 1964 4906 prosc·

919 4972 1112 5041 auctiones
1131 4970 1336 5039 tautanius.

337 5085 373 5213 g)
390 5088 432 5139 ltu
442 5086 467 5138 la.
482 5088 498 5140 l.
511 5088 587 5141 rectit.
598 5086 741 5156 estpoiop.
753 5088 793 5142 lo.
827 5154 832 5164 ι
1188 5089 1222 5157 μ]
1243 5088 1307 5140 unc.
1319 5087 1352 5139 orl
1369 5089 1389 5138 Δ
1423 5085 1471 5156 inp.
1490 5086 1548 5139 ab.
1562 5085 1697 5160 Quomodo,
1711 5082 1851 5150 quandode
1861 5080 1966 5149 fugitivo

362 5154 372 5213 t
388 5150 611 5217 unanaeaapoi.
620 5154 659 5203 10.
668 5152 764 5203 nuend.
775 5152 883 5204 Proinde
891 5152 1103 5222 Saturuotemper
1153 5155 1234 5222 palarn
1248 5149 1349 5225 belum.
1361 5160 1471 5204 stemus
1482 5156 1509 5203 et
1519 5161 1623 5214 operam
1642 5161 1697 5213 epus
1717 5149 1886 5213 percontando
1903 5148 1966 5200 mu·

304 5225 387 5277 egeno
398 5221 425 5265 et
435 5216 566 5279 repentine
579 5215 683 5279 ubique,
693 5222 743 5265 etc.
1155 5212 1365 5270 suiuundmurei

337 5273 370 5342 (51
390 5276 448 5343 Lep.
463 5288 511 5341 qua
520 5277 554 5328 ita
564 5276 641 5329 rudes
650 5275 824 5342 -lominum,
836 5282 863 5329 ut
874 5276 945 5343 lolii:
955 5279 992 5348 et)
1004 5287 1054 5333 etc.

991 5361 1276 5432 COMMENTARIUS.

396 5479 589 5548 manuopera
600 5483 689 5536 mansit
699 5480 812 5536 Saturnia
824 5494 922 5537 nomeu.
1156 5458 1371 5539 cuntuntetla.
1453 5492 1458 5497 ·
1551 5501 1561 5518 ι

305 5590 327 5649 U
539 5592 546 5604 .
670 5588 714 5605 ..
767 5583 779 5603 .
847 5591 852 5601 .
1196 5552 1237 5622 (lsi
1257 5549 1312 5607 llio
1329 5547 1424 5606 seilicet
1445 5547 1558 5621 stuata
1574 5541 1967 5606 tannetvertutmntuisse

329 5590 403 5649 rbem
417 5599 506 5674 autern
519 5589 619 5649 dictam
640 5591 723 5649 luisse
744 5590 899 5675 Saturniam
922 5590 1103 5683 Virgiliuste·
1156 5625 1231 5681 mm
1249 5621 1380 5696 simum
1400 5620 1439 5677 ,ἢ
1463 5626 1525 5694 9053
1544 5619 1646 5680 mmo,
1659 5617 1917 5678 &mausoleum
1930 5626 1966 5674 ω

303 5661 504 5745 statrtrAEnetd.
520 5662 587 5720 vttt.
601 5678 616 5719 a
630 5663 747 5722 Saturno
756 5664 903 5721 euudttam.
917 5660 993 5721 Hunc
1007 5664 1104 5721 butur-
1158 5695 1270 5754 infiniti·

304 5748 355 5789 '⁸¹⁴⁸
371 5734 486 5789 ‘mm‘
498 5734 597 5842 '‘Q'‘
612 5734 652 5841 ¹5⁸
667 5736 717 5791 ΡΙ·
893 5827 899 5841 ,
914 5828 920 5841 Ι
1249 5764 1335 5841 Credit
1345 5763 1465 5816 merobis
1476 5762 1560 5840 lolium
1571 5765 1680 5840 recitare
1690 5760 1797 5880 sibfllm.
1810 5760 1848 5814 Ln
1858 5760 1912 5834 Pr..

341 5823 381 5892 (a)
392 5823 478 5879 Terrae
488 5825 555 5893 nicos
563 5836 721 5895 jactaturum.
731 5827 850 5895 Quorum
862 5828 1019 5886 scrlrcelaut
1030 5844 1062 5886 or
1193 5828 1231 5904 (c)
1251 5827 1309 5884 Vnt
1321 5844 1379 5884 uera
1390 5838 1469 5884 noter.
1486 5832 1615 5883 arrianus
1624 5826 1730 5895 inpicet
1747 5828 1765 5880 l.
1781 5825 1963 5899 dedpoilttte.

306 5893 398 5961 itriola
415 5901 459 5955 sti
470 5903 518 5955 attt
530 5895 632 5961 iutettt
643 5937 653 5974 p
666 5898 686 5963 il
697 5897 829 5963 Terreat
840 5898 901 5964 F'llii
910 5908 939 5959 ei
950 5915 1048 5970 patetis
1064 5843 1110 5972 ,εἰ
1157 5891 1220 5966 ὅσα
1228 5908 1316 5982 pbtrtr
1329 5901 1392 5970 titttt
1405 5904 1448 5962 utel
1456 5910 1582 5973 repitit
1593 5904 1723 5969 ninivitis·
1738 5896 1799 5959 Rid-
