4242 6259
267 302 319 366 libi
972 295 1203 359 sententiani
1866 304 1923 364 soa

270 440 335 485 mm
349 463 358 492 t
373 420 520 481 divinitatis
541 418 676 477 intentum
681 451 858 472 ........
875 414 1076 487 interpretatio·
1087 416 1116 477 Α
1127 415 1181 487 atrii
1194 415 1308 473 attilicio
1321 414 1494 475 adornatum?
1504 417 1601 478 blerito
1615 433 1679 492 ergo
1692 418 1812 478 blitesius
1824 419 1924 485 Thales

272 520 316 576 nis
327 518 387 590 eius
398 513 511 582 astutia,
522 508 696 570 verisimilius
711 517 820 566 estnon
833 523 849 565 a
863 522 944 565 cursu
953 515 981 565 et
995 517 1072 566 motu
1123 505 1161 579 (c)
1174 506 1239 565 dam
1251 517 1336 567 totum
1350 511 1447 569 coelum
1458 512 1596 569 examinat
1611 520 1639 569 et
1650 513 1772 570 ambulat
1784 515 1879 581 oculis,
1895 515 1922 572 ia

271 621 337 674 creat
348 610 452 677 dictos,
465 604 514 664 sed
528 603 563 664 dc
576 604 755 678 appellatione
766 604 823 662 reri
846 603 890 661 dei
909 612 1071 672 mutuatum,
1122 609 1231 673 puteum
1245 603 1344 661 cecidit
1346 644 1470 664 ......
1482 622 1516 675 ι,
1543 606 1656 664 muitum
1678 608 1775 665 irrisus
1795 608 1923 683 AEgyptio

271 706 310 761 uti
320 715 389 775 quos
400 714 478 773 acque
487 698 554 756 deos
563 697 751 767 excudissetis,
760 706 823 761 eron,
834 698 1069 770 cognominaretis.
1121 691 1162 749 iiii
1176 708 1183 747 ε
1197 692 1227 749 ιιι
1250 702 1335 762 terra,
1351 696 1454 769 inqrtit,
1470 696 1537 753 nibil
1553 698 1750 770 perspiciebas,
1765 700 1863 757 coelnm
1876 698 1922 757 tibi

271 795 394 868 venique
412 792 539 866 quamita
552 792 606 862 sit,
621 791 745 865 probatio
757 792 895 863 suppetit,
913 806 974 848 cum
987 790 1069 848 etiarn
1121 788 1315 861 speculandum
1324 788 1483 848 existimas?
1503 790 1596 865 ltaque
1613 806 1693 849 casus
1704 792 1761 864 ejus
1782 808 1832 865 per
1851 793 1922 865 dgn-

270 891 413 950 unir‘crsos
424 888 491 945 deos
505 896 628 954 nestros,
641 886 668 944 in
682 886 780 959 qrtibus
790 887 889 944 nullius
902 901 999 944 cursus
1022 893 1070 944 aut
1121 892 1179 935 ram
1183 918 1250 937 ......
1262 896 1276 938 s
1289 890 1383 953 notat,
1398 883 1501 941 seilicet
1513 899 1560 940 eos
1578 884 1623 957 qui
1636 885 1767 957 stupidam
1777 895 1925 945 exerceant

269 993 359 1044 motus
367 981 486 1039 cilicium
498 979 906 1047 denotaturmnoecommuniter
915 980 1067 1052 appelletis.
1120 971 1302 1030 curiositatem
1307 1012 1402 1031 .....
1413 984 1536 1046 nature,
1550 991 1630 1048 quam
1643 977 1717 1048 prius
1740 977 1767 1033 ιιι
1789 978 1922 1038 artificem

267 1076 361 1149 ltaque
376 1076 656 1147 eloquentiaeque
676 1071 830 1129 immobiles
842 1112 849 1138 ,
862 1071 1010 1130 disceditur
1021 1087 1069 1129 uo-
1119 1063 1179 1135 cius
1189 1074 1216 1122 et
1228 1065 1381 1138 praesidem,
1396 1068 1424 1126 in
1447 1083 1559 1125 vacuum
1563 1108 1654 1125 .....
1665 1069 1759 1127 ndum
1772 1070 1923 1134 babituros.

268 1167 358 1227 cabuii
373 1165 594 1239 interpretatione
608 1164 711 1236 pariter
729 1171 758 1220 et
769 1161 916 1221 diuinitatis
929 1164 1068 1236 opinione,
1155 1156 1183 1213 ii.
1207 1157 1277 1227 Quin
1300 1173 1366 1231 ergo
1388 1158 1422 1216 ad
1443 1159 1630 1233 immaniorem
1654 1161 1792 1234 aliquanto
1804 1161 1857 1236 (d).
1869 1201 1878 1219 .
1891 1201 1920 1220 ..

268 1279 330 1336 que
344 1277 359 1317 a
372 1275 453 1319 cursu
475 1268 504 1317 ct
522 1266 596 1318 motu
615 1256 751 1314 modulata
766 1256 937 1314 rescinditur.
952 1256 1029 1326 erod
1044 1257 1069 1317 si
1119 1248 1190 1306 imur
1202 1249 1357 1321 opinionem
1369 1291 1378 1321 ,
1391 1267 1452 1323 que
1463 1250 1498 1309 de
1511 1252 1647 1308 communi
1660 1252 1787 1325 {omnium
1800 1268 1882 1312 seusu
1893 1265 1923 1314 ct

268 1369 369 1413 nomen
384 1351 455 1409 istud
471 1350 609 1424 proprium
620 1348 768 1406 diuinitatis
779 1356 807 1406 et
817 1348 945 1421 simplex,
961 1366 1012 1408 nee
1025 1349 1068 1406 in·
1120 1339 1236 1414 simplici
1250 1356 1310 1414 cog.
1323 1385 1330 1400 .
1342 1383 1350 1399 .
1363 1382 1371 1399 .
1383 1342 1499 1402 deducta
1512 1343 1633 1401 rideatur
1647 1345 1709 1418 (ιιι
1722 1344 1788 1402 Nam
1800 1346 1922 1404 etVarro

267 1446 486 1520 terpretatorium
501 1445 530 1501 in
544 1443 593 1501 illo
614 1441 666 1500 deo
678 1440 881 1514 reprehensam,
907 1443 933 1499 in
948 1451 1065 1514 cetera,
1119 1434 1243 1491 meminit
1253 1434 1323 1506 eins,
1337 1435 1468 1494 creditam
1481 1444 1611 1508 praterea
1625 1436 1719 1495 dicens
1726 1438 1921 1497 elementorum

267 1558 329 1616 quae
347 1540 414 1599 deos
428 1540 510 1596 tultis
523 1578 531 1607 ,
544 1537 640 1595 docete
659 1537 742 1594 etiam
764 1537 901 1608 qualitatis
915 1537 985 1595 inter
1006 1538 1067 1596 titos
1118 1526 1298 1597 diuinitatem,
1311 1526 1383 1601 qnod
1397 1528 1464 1586 nibil
1478 1530 1590 1586 omniuo
1603 1529 1663 1586 sine
1677 1529 1920 1605 suffragioillorum

267 1632 521 1697 esseconsortium,
536 1638 566 1685 ιιι
575 1629 638 1701 jure
647 1630 777 1686 consistat
791 1629 934 1702 collegium
949 1632 1067 1689 nominis
1118 1617 1190 1689 eigai
1203 1659 1211 1686 ,
1225 1619 1261 1675 aii
1275 1662 1283 1688 ,
1298 1619 1412 1692 prouehi
1425 1621 1511 1693 possit
1524 1620 1557 1678 ad
1572 1621 1771 1681 vitaehumanae
1793 1635 1822 1683 et
1832 1634 1921 1697 ,terra

266 1724 457 1783 communione
468 1719 726 1779 substantiae.Porro
733 1728 812 1776 enon
819 1720 924 1793 ilicium
935 1721 986 1779 boc
995 1722 1066 1792 solo,
1119 1710 1272 1780 miinncm,
1288 1713 1396 1785 quando
1416 1728 1451 1770 ne
1470 1714 1528 1786 ipsa
1546 1714 1656 1787 quidem
1669 1731 1782 1790 corpora
1797 1727 1853 1799 nat
1863 1720 1922 1778 ani.

266 1815 340 1888 guod
353 1830 406 1871 non
421 1814 457 1871 sii
468 1813 495 1869 in
510 1820 655 1886 promptu,
678 1821 757 1868 uacat
773 1827 787 1867 a
806 1814 1007 1884 comparatione
1021 1830 1068 1871 eo·
1081 1778 1107 1841 B
1120 1817 1179 1860 mas
1201 1803 1326 1862 sufficere
1344 1805 1465 1864 licuisset
1483 1806 1543 1864 siue
1564 1807 1760 1866 elementorum
1785 1818 1920 1884 tempera·
2012 1806 2016 1813 '

265 1923 344 1977 rum,
357 1922 417 1981 que
429 1906 457 1962 in
479 1913 604 1976 promptu
626 1911 690 1960 sunt
708 1912 735 1960 et
753 1904 821 1962 risui
843 1915 871 1962 ct
892 1907 1004 1975 sensui;
1019 1908 1068 1965 sed
1118 1905 1231 1967 mento,
1246 1912 1301 1968 quo
1315 1896 1447 1954 ballitatio
1463 1898 1513 1954 ista
1534 1899 1627 1957 mundi
1642 1901 1805 1959 circulorum
1823 1902 1920 1963 condi·

265 2000 358 2057 sensui
370 1998 457 2065 satis,
486 1997 558 2069 quod
585 2004 626 2053 cst
652 1996 797 2053 testimonii
822 1997 856 2054 ad
882 1997 1066 2057 diversitatem
1119 1990 1237 2047 tionibus
1247 1989 1376 2047 loederata
1392 1998 1552 2062 prestatur,
1567 1992 1619 2049 nisi
1632 1993 1705 2066 qaod
1727 1994 1864 2054 bominum
1879 1999 1920 2056 in.

265 2090 365 2148 occulti
386 2099 415 2147 et
429 2088 565 2145 manifesti
585 2087 750 2144 renuntiatio
760 2106 771 2154 ,·
795 2088 817 2144 si
830 2089 964 2147 elementa
977 2092 1066 2164 palam
1118 2082 1218 2139 colatnl
1233 2082 1377 2156 denegarit
1387 2085 1534 2141 enormitas
1556 2084 1663 2157 trigoris
1676 2095 1721 2145 aut
1734 2088 1842 2146 caloris.
1867 2091 1919 2147 ιιι-

264 2182 403 2256 proposita
413 2181 553 2248 omnibus,
568 2180 590 2237 si
601 2187 694 2237 contra
708 2178 776 2237 deus
796 2180 896 2247 nemini
909 2184 1066 2254 ,quomodo
1117 2191 1171 2247 tine
1190 2175 1256 2234 dcos
1276 2176 1350 2235 erodi
1367 2177 1473 2235 :solem
1487 2179 1563 2251 ,nm
1578 2177 1632 2237 pier
1652 2180 1687 2257 gg
1707 2196 1757 2239 su,
1777 2185 1917 2257 cumulet,

264 2277 367 2350 poteris
378 2289 411 2332 cs
426 2282 562 2347 eaparte,
584 2287 665 2345 quam
687 2288 740 2328 non
761 2270 869 2339 nidisti,
892 2289 953 2347 quae
970 2275 1066 2347 tides,
1117 2267 1210 2341 iruges
1222 2271 1403 2343 caloribus,p
1407 2310 1519 2328 ......
1531 2281 1670 2330 etanauau
1685 2275 1845 2334 stationibus
1856 2291 1917 2335 scr-

264 2368 414 2443 eongrcdil
426 2367 493 2427 (iuna
506 2381 571 2440 crgo
582 2380 636 2423 ιιοιι
649 2365 733 2423 babes
742 2366 1003 2439 conjuttgeresensu.
1016 2408 1023 2424 .
1036 2409 1063 2426 ..
1116 2372 1181 2429 ret3
1205 2362 1314 2432 lanam,
1341 2364 1468 2421 solatium
1481 2365 1619 2436 unctium,
1642 2369 1821 2439 patrocinium
1842 2386 1918 2429 men.

263 2464 383 2530 ratione,
398 2460 463 2535 quid
475 2460 606 2519 vocabulo
620 2459 771 2532 conjungis,
785 2469 814 2517 ut
825 2460 973 2535 conjungas
983 2464 1076 2525 etiam,
1116 2452 1187 2512 siunt
1201 2454 1404 2527 gubernaculis,
1420 2458 1484 2515 item
1499 2457 1607 2526 sidera,
1632 2458 1768 2531 signacula
1791 2463 1916 2534 quedam

261 2556 421 2631 potestator
444 2554 515 2612 Ecce
538 2552 611 2610 cuim
634 2552 707 2610 Zeno
729 2552 770 2627 (a)
790 2569 899 2627 quoque
924 2557 1064 2613 materiam
1116 2557 1266 2622 temporum
1279 2548 1313 2606 ad
1328 2551 1504 2608 mutationem
1518 2551 1696 2610 notatrdorum
1710 2571 1718 2620 ;
1732 2542 1819 2626 ipsum
1833 2555 1915 2613 deni.

263 2646 518 2708 mundialemaiieo
526 2652 643 2718 separat,
655 2645 696 2702 uel
710 2659 772 2701 eum
781 2660 829 2716 per
837 2644 921 2714 illam,
934 2654 1062 2720 tanquam
1115 2656 1169 2714 que
1189 2641 1308 2710 ecclam,
1331 2641 1383 2699 sub
1403 2658 1457 2716 quo
1477 2646 1583 2711 omnia;
1600 2653 1718 2711 terram,
1734 2661 1815 2717 saper
1832 2661 1914 2719 qaam

265 2742 320 2800 mei
333 2757 382 2814 per
393 2740 469 2798 latos
481 2740 613 2796 transisse
624 2737 699 2795 dicit.
723 2738 814 2809 ltaque
828 2739 941 2797 materia
951 2749 979 2799 et
993 2740 1065 2799 bens
1115 2732 1221 2803 omnia,
1235 2741 1263 2790 et
1278 2732 1406 2807 quicquid
1423 2728 1532 2791 illorum'
1541 2735 1612 2792 inter
1623 2750 1653 2792 se
1667 2736 1700 2793 ad
1714 2737 1853 2794 commoda
1864 2739 1917 2794 itu·

263 2835 318 2893 duo
329 2833 475 2901 vocabula,
490 2832 552 2890 duaa
563 2845 618 2890 res.
633 2831 687 2890 Pro
701 2830 857 2896 discrimine
872 2834 1064 2893 vocabulomm
1115 2840 1195 2883 mana
1209 2827 1355 2898 conspirat.
1369 2825 1426 2885 Nec
1440 2836 1545 2884 tantum
1561 2827 1699 2886 benolleiis
1721 2829 1801 2887 bdem
1818 2831 1917 2889 diuini·

263 2927 346 2985 etiam
364 2940 409 2983 res
421 2932 596 2998 separantur,
619 2923 700 2982 etiam
712 2923 834 2981 materie
847 2924 967 2984 conditio
980 2943 1064 2985 roca-
1115 2919 1178 2976 tatis
1200 2911 1342 2976 elementis
1363 2920 1531 2985 contenire,
1552 2919 1600 2977 scd
1623 2919 1759 2984 etiamne
1783 2921 1916 2992 dirersis,

263 3018 358 3076 bulum
373 3017 503 3088 sequitur.
517 3014 628 3086 Quodsi
642 3015 755 3073 materia
768 3030 822 3074 non
837 3023 890 3085 est,
906 3017 969 3091 qaia
984 3019 1023 3076 sie
1036 3029 1065 3078 ee
1115 3026 1176 3085 quae
1189 3020 1316 3084 ianqrram
1330 3010 1365 3068 de
1378 3011 1417 3068 ira
1443 3021 1472 3069 et
1495 3010 1596 3069 offensa
1620 3028 1715 3070 eorum
1736 3013 1857 3073 incidere
1869 3030 1915 3074 so·

263 3110 410 3184 appellatio
421 3108 591 3183 prescribit,
604 3107 741 3184 quomodo
752 3109 922 3182 quassantia
937 3112 1061 3184 materia,
1076 3141 1099 3205 C
1116 3103 1208 3170 icant,
1222 3113 1252 3159 ui
1267 3102 1375 3160 fulmina
1389 3144 1397 3171 ,
1413 3111 1443 3160 ut
1454 3103 1620 3177 grandines,
1634 3114 1663 3161 ut
1674 3105 1803 3175 ardores,
1827 3119 1857 3165 ut
1869 3124 1917 3166 au·

260 3203 292 3261 Μ
312 3210 356 3259 ⁰³²
377 3201 528 3270 demetii·
542 3198 586 3256 dei
609 3198 797 3266 habebuntur,
823 3215 883 3258 cum
905 3202 1063 3260 membran
1116 3196 1341 3272 repcstilentcs,
1356 3196 1420 3254 item
1433 3196 1553 3267 diluuia,
1573 3196 1638 3253 item
1663 3197 1752 3256 biatus
1775 3210 1915 3274 motusque

262 3308 378 3366 ⁰⁰ili⁰re
397 3292 462 3365 ³¹³8·
476 3333 484 3349 ·
499 3330 529 3350 ..
553 3305 615 3350 msc
634 3305 689 3348 nnn
706 3290 830 3363 possintt
854 3293 907 3352 Sed
929 3294 993 3368 quid
1013 3312 1064 3369 ego
1115 3300 1260 3349 terraram.
1276 3290 1310 3348 ιιι
1321 3290 1383 3362 iure
1395 3289 1471 3348 credi
1485 3289 1569 3359 deos,
1582 3306 1697 3364 quorum
1712 3303 1808 3351 natura
1828 3294 1915 3352 bono.

262 3402 325 3445 clim
347 3384 624 3459 argumentationibus
645 3383 859 3457 physiologicis?
884 3384 904 3443 S
906 3425 1005 3446 .....
1021 3403 1065 3446 as-
1114 3383 1199 3442 randa
1214 3383 1287 3440 sitin
1303 3382 1443 3453 secundis,
1456 3383 1598 3441 metuenda
1609 3384 1646 3441 sit
1660 3386 1687 3442 ιιι
1704 3386 1847 3457 adversis,
1868 3388 1916 3446 do-

263 3481 381 3540 scandere
390 3479 483 3539 debuit
492 3478 526 3554 dp
543 3487 616 3535 statu
630 3476 742 3545 mundi,
765 3492 819 3534 non
842 3480 944 3536 incerta
963 3481 1062 3540 descen
1115 3474 1421 3547 minasciiioetjuvandi
1436 3482 1462 3532 et
1478 3477 1602 3534 nocendi.
1618 3476 1718 3546 Porro,
1746 3480 1770 3536 si
1795 3481 1832 3536 ιιι
1852 3494 1915 3538 ιιι-

263 3609 436 3631 ........
453 3571 481 3628 ιο
494 3570 628 3643 platonica
649 3570 734 3627 torma
754 3570 913 3641 quadratum
938 3587 1000 3630 eum
1014 3589 1063 3630 an·
1116 3567 1220 3625 liuntur
1242 3568 1281 3624 in.
1386 3569 1611 3638 conversatione,
1631 3584 1685 3627 non
1707 3571 1821 3643 perinde
1834 3573 1916 3630 renus

262 3667 436 3740 galatumoue
461 3678 522 3722 com
526 3700 671 3721 .......
694 3661 729 3719 do
764 3663 866 3720 circino
889 3665 1003 3722 rotunda
1026 3665 1063 3723 lta
1114 3659 1199 3733 ipsis,
1213 3660 1446 3734 quibusjurantur
1460 3660 1916 3736 sivelaedunturautgratiasrele·

262 3759 391 3830 collegit,
407 3755 479 3829 quod
494 3758 553 3812 sine
564 3754 653 3826 capite
674 3754 761 3811 solum
779 3753 853 3813 credi
869 3754 984 3813 laborat.
1007 3757 1062 3816 Sed
1115 3762 1179 3810 runt
1192 3762 1240 3811 aut
1252 3753 1376 3827 quercias
1395 3754 1559 3824 intendunt,
1581 3755 1631 3813 sed
1648 3754 1705 3824 bis,
1726 3756 1777 3812 sub
1796 3771 1911 3827 qaorum

262 3852 415 3925 Epicurus,
429 3848 474 3921 qai
487 3846 610 3924 dixerat,
624 3861 685 3918 nuce
696 3861 778 3917 saper
792 3861 859 3914 nos,
875 3846 942 3906 nibil
952 3849 986 3907 ad
999 3865 1060 3920 nos,
1114 3843 1213 3902 ducatu
1227 3855 1255 3902 et
1272 3854 1407 3918 potestate
1420 3847 1543 3919 operatio
1560 3863 1650 3905 rerum
1664 3848 1790 3905 decurrit.
1804 3848 1870 3906 llam
1884 3850 1915 3910 ιιι

263 3962 326 4007 cum
340 3954 369 4004 et
381 3946 439 4017 ipse
448 3942 546 4001 coelum
559 3939 691 4011 inspicere
703 3938 858 4009 desiderat,
881 3941 947 3999 solis
967 3943 1061 4002 orbem
1113 3939 1295 4012 uoluptatibus
1304 3942 1401 3998 rostris
1415 3957 1468 3998 uon
1481 3941 1552 3998 tibin·
1565 3951 1612 3999 aut
1624 3941 1733 4000 eitbarre
1740 3930 1869 4002 coronam
1880 3944 1916 4002 ad

263 4038 303 4112 (i)
326 4035 450 4111 pedalem
473 4031 660 4105 deprehendit.
681 4029 776 4088 Adime
801 4031 905 4090 scilicet
923 4033 1063 4108 frugalitas
1116 4033 1256 4105 premium
1271 4031 1447 4105 adjudicatis,
1463 4032 1637 4107 sedartillci,
1659 4033 1705 4105 qui
1720 4034 1811 4091 tibiam
1830 4044 1860 4093 et
1877 4035 1917 4093 ci.

262 4141 291 4189 et
309 4131 335 4187 in
349 4128 425 4187 ecelis
437 4122 715 4199 agnostinbeainuo
738 4130 768 4179 nt
789 4123 901 4181 ambitio
924 4125 1060 4197 proiecit,
1115 4123 1220 4181 tharam
1235 4125 1376 4182 suauitatis
1391 4134 1525 4198 temperet
1537 4125 1574 4182 ri.
1586 4124 1675 4199 AEqae
1686 4143 1749 4186 cum
1767 4129 1827 4201 quis
1843 4129 1916 4188 valo

262 4225 345 4283 etiam
358 4222 400 4280 sol
414 4220 500 4277 aciem
513 4232 588 4273 suam
602 4216 723 4274 extendit
736 4256 744 4284 ,
760 4214 796 4271 ita
811 4216 886 4273 illum
900 4219 993 4276 orbem
1006 4237 1064 4278 ma·
1115 4218 1207 4276 tudine
1221 4218 1293 4276 malo
1305 4226 1364 4288 est,
1381 4233 1435 4277 nou
1457 4219 1525 4275 lanis
1537 4234 1589 4277 nec
1600 4220 1729 4278 antidotis
1748 4230 1795 4278 aut
1813 4222 1915 4296 malag-

259 4319 348 4394 lorem
363 4313 530 4389 peripatetici
545 4313 749 4368 denotaverunt.
765 4309 819 4369 bro
832 4327 900 4382 sos,
914 4314 979 4387 quid
993 4318 1065 4388 sapit
1114 4314 1195 4370 maiis
1208 4313 1274 4385 ipsis
1284 4312 1397 4385 gratiam
1408 4312 1583 4381 meministis,
1601 4312 1649 4369 scd
1662 4313 1785 4385 medicis,
1799 4329 1914 4387 quorum

262 4410 480 4483 corniceturamm
501 4403 605 4461 libidoi
623 4402 694 4472 Quid
717 4404 813 4475 probat
837 4413 910 4462 tanta
933 4421 1064 4480 prasum-
1115 4421 1197 4478 opera
1208 4415 1289 4479 atque
1301 4406 1442 4479 prudentia
1461 4404 1581 4462 remedia
1602 4408 1775 4478 proveniant.
1797 4407 1861 4464 item
1883 4406 1912 4463 ῑῃ

262 4505 357 4579 ptione
368 4496 575 4560 assereretionis
591 4496 675 4553 otiam
688 4496 818 4556 affectata
831 4501 995 4559 morositatis
1006 4503 1063 4562 elo·
1114 4499 1235 4559 adversis
1247 4499 1294 4572 qni
1306 4498 1377 4558 ierro
1396 4499 1548 4568 sociantur,
1563 4512 1617 4557 non
1626 4496 1744 4571 gladium
1759 4500 1844 4573 ipson
1865 4508 1913 4557 aut

878 4633 1072 4697 auctiones
1091 4631 1297 4696 vanienses.

296 4754 332 4822 lt)
348 4743 999 4814 marm.nppcmr:couterttnur-oognatrone.
1073 4759 1101 4820 1)

947 4879 1231 4942 consentanius

299 5025 338 5098 (a)
351 5018 495 5078 &cocenim
507 5014 577 5074 Zeno
594 5029 702 5086 monae.
718 5015 854 5072 zenonem
870 5016 995 5090 inteiligit
1006 5018 1063 5077 Cit-
1151 5018 1190 5092 (e)
1211 5015 1376 5091 llcritoerpo
1388 5016 1507 5076 ulterior
1518 5016 1623 5076 Titulos.
1641 5018 1816 5094 Pbysicorum
1833 5021 1912 5096 prin·

262 5097 358 5160 teiam,
371 5090 507 5164 egregium
516 5087 590 5143 illum
599 5086 800 5157 pbilosopbnm,
810 5090 854 5159 qui
867 5090 902 5144 ab
914 5088 1063 5147 atlantea·
1113 5106 1178 5163 ceps
1191 5089 1290 5147 dicitur
1302 5090 1416 5161 apolog.
1431 5105 1492 5163 cap.
1503 5092 1548 5148 to.
1562 5092 1688 5163 quoniam
1702 5092 1736 5148 de
1749 5093 1830 5149 rebus
1844 5093 1913 5166 play·

260 5168 339 5224 sibus
353 5177 434 5220 aurea
450 5173 549 5217 corona
570 5156 687 5213 donatus
701 5169 743 5214 est
753 5199 761 5224 ,
773 5167 800 5214 et
811 5158 936 5230 sepulcro
955 5162 1060 5245 magni·
1113 5162 1177 5218 sicis
1189 5176 1221 5217 ac
1234 5159 1318 5225 coelo,
1334 5163 1437 5232 primus
1452 5163 1605 5232 disputasse
1616 5161 1713 5220 fertur.
1727 5163 1804 5233 Quod
1819 5173 1910 5221 aulem

262 5239 316 5293 ilco
326 5235 360 5291 ab
372 5233 467 5290 iisdem
480 5229 624 5286 decoratus
634 5270 641 5294 ,
651 5228 772 5285 utrelert
784 5229 915 5301 Diogenes
926 5230 1060 5302 mertias,
1112 5234 1147 5291 ab
1161 5232 1289 5305 AEgyptio
1303 5232 1397 5288 irrisus
1412 5232 1491 5289 luerit
1511 5233 1625 5290 traditur
1643 5231 1696 5291 boc
1714 5234 1742 5291 iu
1756 5235 1833 5303 ioco,
1847 5251 1911 5293 eum

261 5309 345 5380 idque
363 5304 470 5376 publico
483 5298 734 5381 decretosancitum
749 5299 941 5373 decretumque
954 5304 1059 5360 colum·
1111 5313 1201 5362 tamen
1225 5318 1240 5358 a
1263 5304 1351 5359 vetula
1379 5303 1495 5387 quadam
1516 5302 1710 5375 reprehensum
1730 5304 1814 5362 luisse
1837 5307 1912 5364 dicat

260 5381 303 5436 nis
328 5377 432 5433 duabus
446 5388 461 5428 a
476 5370 563 5428 scriba
578 5369 686 5440 publico
712 5371 879 5439 inscriptum.
906 5374 945 5429 be
962 5372 1010 5430 Pa.
1111 5374 1233 5433 Laertius
1256 5372 1299 5429 bis
1323 5374 1436 5431 nerbas:
1457 5383 1488 5429 ιι
1512 5380 1580 5447 γὰρ,
1605 5379 1624 5430 oi
1649 5384 1729 5445 θιιι,
1742 5383 1775 5434 τι
1795 5385 1818 5434 lt
1840 5384 1912 5434 ecrit

297 5450 338 5521 (b)
357 5440 1056 5518 Solisorbempcdnicm.interproblemataadiscipu-
1111 5452 1137 5503 ab
1162 5451 1287 5516 δυνάμενος
1311 5450 1367 5500 linit
1387 5451 1421 5502 rb
1451 5449 1491 5502 inl
1516 5454 1560 5503 rob
1583 5452 1681 5519 οιρινοῦ
1705 5458 1751 5506 oter
1773 5458 1911 5522 praecator.

254 5519 293 5579 iis
305 5519 424 5579 Zenonis
436 5513 571 5586 proposita
584 5522 611 5568 et
624 5512 711 5568 solaria
732 5513 795 5568 illud
817 5524 974 5572 recensetur
996 5522 1017 5572 ri
1043 5524 1057 5573 ι
1110 5517 1150 5574 Tu
1162 5520 1272 5590 quippe,
1284 5533 1300 5572 o
1311 5515 1403 5574 Thales
1412 5558 1420 5585 ,
1430 5533 1488 5573 cana
1499 5519 1534 5573 nd
1546 5520 1622 5590 pedes
1631 5520 1908 5592 respicereotapoarir,

256 5602 324 5656 altor
346 5567 485 5652 retenirit
505 5593 554 5641 lm
570 5592 650 5644 niul,
680 5596 773 5640 atinae
796 5601 829 5640 nu
850 5587 981 5643 torrtusrit
999 5589 1057 5654 roi,
1109 5590 1200 5645 cretum
1219 5598 1294 5661 pctus
1312 5598 1336 5644 ie
1355 5604 1469 5659 posscco
1487 5606 1599 5645 noscere.
1615 5591 1740 5662 tintinnis
1754 5601 1843 5648 autem
1857 5607 1910 5648 ea·

256 5674 368 5734 quantus
380 5656 508 5731 apparet?
523 5654 595 5710 idem
611 5654 645 5709 de
663 5609 725 5740 Ῐιιιιι
748 5658 955 5741 proponebant:
972 5659 1056 5716 multa
1110 5660 1236 5743 calluisse
1246 5659 1272 5715 in
1285 5661 1454 5744 astronomia
1465 5606 1606 5743 {naletam
1614 5671 1718 5718 certam
1729 5663 1910 5736 cst,probat·

256 5735 332 5864 tib
345 5749 361 5861 ἓ
374 5725 1057 5868 lititllltliilinliditiil⁹³¹·
1109 5731 1802 5878 ‘¹¹¹utilissimiitliitltilildnitli·
1842 5803 1898 5865 oa
