4242 6259
271 243 274 252 '
297 237 381 307 'teos

846 217 1134 309 rn'runrttutrtnt
1152 248 1421 309 trouooanuuu

1891 199 1964 310 ιιιι

308 367 400 426 irruisse
410 374 472 427 oeto
482 365 603 425 maritos.
617 363 747 422 blartialls
765 378 829 423 nero
843 365 997 430 Telesinam
1017 383 1113 440 qurum·
1127 368 1154 432 Α
1167 369 1202 427 ita
1217 369 1314 442 legisse
1326 367 1430 427 uidetur
1444 367 1591 436 Eusebius,
1607 368 1652 440 qui
1670 366 1729 424 itae
1743 366 1867 425 ductoris
1875 367 1963 425 nostri

310 457 373 516 dam
391 460 490 518 aeriter
499 457 618 529 corripit,
631 471 691 529 quse
705 457 775 514 intra
787 475 870 516 unum
883 474 1005 518 mettsem
1019 459 1109 521 decies

310 563 403 612 eontra
416 555 490 624 leges
504 547 571 608 latas
585 552 693 622 impune
703 560 848 623 nupserat:

402 663 465 716 iulia
474 665 514 715 lex
525 665 620 738 populis
629 679 660 714 ex
672 677 731 729 quo,
740 663 959 724 Fattstine,renata
967 669 1015 726 est,

435 727 517 790 Atque
528 735 619 778 tntrare
629 728 714 777 domus
722 730 788 789 jussu
800 723 916 790 pudicitia
935 731 983 784 est,

401 791 424 840 Α
462 790 742 848 minusauteerteuon
772 788 809 840 lus
818 790 943 842 tricesima
953 789 998 840 lex
1014 794 1063 849 eat,

456 860 466 902 t
477 851 650 901 nubitdecituu
658 854 706 914 jam
718 804 835 901 'fidestan
848 853 910 900 uiro.

402 914 463 974 Quae
474 915 544 963 nublt
555 915 638 974 toties,
650 924 699 962 non
712 911 791 971 nubit,
799 911 910 963 adultera
919 912 979 976 lege
990 917 1040 971 est,

434 975 553 1028 Offendor
565 976 661 1034 meria
671 975 821 1039 simpliciore
832 979 921 1028 mlum.

643 1054 773 1120 (Martini,
787 1054 830 1108 tio.
843 1063 879 1120 tl,
890 1054 1033 1124 epiqrurnm.
1042 1054 1077 1119 t.)

345 1165 445 1240 ierem
458 1163 526 1222 adeo
538 1163 658 1220 adrasus
671 1171 730 1220 erat
743 1162 802 1218 base
815 1161 917 1219 neena
939 1159 1111 1232 repudiarem

306 1257 418 1322 lieentia
432 1296 440 1323 ,
456 1256 674 1327 nunnunquam
691 1255 752 1311 ullis
777 1256 979 1325 ietpemtotum,
996 1263 1112 1323 quaram

309 1351 400 1423 plures
408 1351 496 1409 adime
508 1359 626 1418 οιοιοιιι,
638 1349 742 1421 legibus
758 1348 889 1406 reireaari
901 1345 1029 1418 potuerit.
1043 1342 1113 1413 Quid

309 1458 386 1511 tere,
412 1444 484 1513 quod
497 1459 551 1499 uon
566 1446 653 1500 solunt
674 1452 714 1499 tet
733 1451 843 1513 tamque
860 1440 1007 1512 madores
1026 1437 1111 1508 legen

308 1551 364 1608 quo
373 1535 489 1594 diximus
511 1535 605 1602 ruodo,
620 1533 829 1601 conculcabant,
844 1531 894 1590 sed
906 1530 1023 1588 naboon
1043 1542 1113 1600 quo-

308 1644 362 1699 que
387 1629 535 1699 maioribus
558 1629 769 1685 summationem.
794 1626 964 1696 Quapropter
986 1621 1046 1678 iilos
1070 1620 1114 1680 bis

310 1720 491 1780 Tertullianus
511 1721 600 1778 teritis
621 1720 784 1793 alloquendo
797 1761 804 1787 ,
818 1720 859 1775 sie
871 1727 948 1789 urget
968 1733 975 1770 :
997 1714 1111 1780 lisbitu,

309 1813 339 1868 id
352 1824 411 1881 eal,
427 1813 537 1882 restim
555 1816 639 1880 sieta,
661 1815 803 1879 instructu,
827 1825 921 1877 aeaut,
932 1810 989 1879 ipse
1009 1807 1116 1876 dentque

296 1922 423 1966 satutant
439 1908 541 1978 meanis
560 1904 724 1961 redundastis
746 1901 939 1975 (Tertulliano,
967 1899 1115 1972 dpoioqet„

308 2014 369 2068 tte·
381 1997 413 2064 d,
435 2016 462 2067 p·
483 1999 561 2069 edd).
579 1998 613 2054 Et
628 2011 722 2053 rursus
736 1996 789 2052 alio
803 1997 830 2050 in
843 1994 912 2050 libro
930 2010 937 2046 :
955 1990 1053 2056 Plane,
1073 1990 1116 2045 in-

310 2086 386 2159 quit,
399 2089 511 2152 sumeret
532 2101 630 2160 querna
645 2106 663 2142 ιι
675 2086 818 2157 maioribus
833 2083 1009 2149 ululaveritis,
1025 2080 1116 2149 estre,

310 2180 408 2248 ιιιιὺὶιιι,
427 2190 564 2252 apparatu,
582 2183 687 2253 ipsoque
703 2182 789 2248 metu,
812 2180 935 2234 sidetes
957 2175 1013 2247 iam
1037 2173 1118 2230 dictis

306 2281 394 2345 ιιιιιιῑ·
410 2270 518 2351 tdjeeit
536 2281 628 2330 autem
647 2275 755 2343 ipseque
767 2286 893 2328 stratone.
912 2269 968 2325 Cur
988 2281 1053 2339 ergo
1064 2282 1119 2321 aer-

311 2380 386 2428 ntoee
396 2365 478 2431 etiam
490 2379 523 2422 ae
538 2363 665 2434 ιοοιιοιιιι
677 2363 774 2419 ntodoi
783 2362 851 2429 Quia
861 2361 1009 2433 ριιιιιιιιιιιι,
1019 2356 1116 2428 tunm.

310 2466 339 2516 et
350 2457 485 2514 rancidum
494 2457 612 2528 nteqms
624 2455 721 2528 (iden,
734 2455 779 2511 tit.
794 2455 849 2510 lod
862 2453 986 2518 Notion„
998 2467 1055 2523 cap.
1072 2450 1116 2516 lb,

311 2565 374 2620 paq.
397 2548 473 2620 stat,
486 2548 515 2604 id
536 2556 595 2614 est,
610 2555 735 2619 tanquam
754 2548 908 2613 insuerent,
934 2544 1071 2616 putidum,
1091 2549 1120 2599 et

308 2642 383 2702 tttale
396 2642 512 2700 olentem
525 2639 647 2712 rejicitis.

602 2746 749 2790 terreatur
766 2746 816 2785 un.

312 2845 484 2902 Easminatur
503 2845 633 2916 quoduam
652 2847 683 2901 slt
703 2853 772 2901 uetus
786 2842 913 2898 decretum
927 2841 959 2896 de
977 2842 1048 2895 nouis
1069 2838 1119 2893 diis

349 2942 404 2995 sine
425 2940 643 2995 senatusconsulto
666 2955 716 2993 uon
739 2935 948 3000 introducendis,
974 2944 998 2988 et
1021 2931 1120 2987 Metelli

314 3013 321 3025 ⁶
348 3042 435 3088 uotum
447 3032 580 3100 detempio
591 3031 617 3085 itt
630 3029 738 3085 atteret
750 3029 790 3083 dei
803 3031 924 3094 tortorem
938 3023 1118 3091 construendo,

318 3107 328 3126 ’
349 3126 530 3200 quodirritunt
543 3129 700 3198 factumest·
715 3123 883 3193 ecquomodo
903 3119 1031 3174 decretum
1052 3115 1119 3171 iilud

349 3219 470 3275 uiolatum
484 3216 516 3273 rit
534 3221 566 3271 ab
580 3216 696 3283 etlnticis,
712 3216 754 3286 qui
770 3213 889 3268 Liberum
914 3223 1022 3281 patrem,
1038 3207 1119 3265 Sera-

314 3291 328 3311 f
349 3312 446 3385 pidem
463 3321 487 3365 et
502 3307 687 3381 Harpocratem
709 3323 768 3362 cum
782 3321 828 3361 sno
843 3303 1021 3376 Cpnorrpbalo
1042 3316 1119 3356 aena·

327 3435 332 3448 ι
349 3403 505 3461 tusconstdto
520 3405 636 3475 rejectos,
648 3397 1046 3471 impudentissimerestituerunt.

350 3519 479 3574 Etbnieos
498 3516 683 3574 veliementior
699 3514 787 3571 adbuc
799 3505 983 3569 Tertullianus
1003 3510 1120 3582 premit,

315 3611 448 3683 planeque
470 3610 607 3681 opprimit.
633 3607 779 3666 Euidenter
802 3609 874 3664 enim
888 3606 1004 3662 ostendit
1026 3605 1121 3661 abeis

316 3716 370 3756 non
380 3701 469 3755 solum
483 3701 631 3754 sanctiores
644 3698 677 3753 dc
692 3697 772 3752 rebus
787 3696 922 3761 bumaria,
939 3696 986 3751 sed
1001 3694 1035 3750 de
1049 3694 1121 3750 diri·

316 3794 360 3848 nis
380 3792 461 3846 etiam
484 3790 577 3845 ritibus
598 3789 671 3860 leges
691 3797 795 3857 spretas
817 3794 845 3842 ct
869 3786 1064 3860 pessumdatus.
1088 3787 1122 3841 nt

323 3884 409 3950 illum,
425 3882 447 3937 si
459 3880 555 3953 placet,
567 3881 594 3936 in
609 3895 659 3936 suo
670 3880 704 3933 od
716 3877 840 3934 Nationes
853 3878 923 3934 libro
932 3889 1122 3950 argumentan-

319 3983 372 4031 tent
386 3971 525 4030 audiamus
540 3989 548 4028 t
561 3971 593 4027 At
612 3970 678 4026 enim
698 3970 753 4039 ilii,
770 3970 870 4041 inquit,
886 3970 1066 4042 sapientissimi
1091 3986 1122 4024 rte

318 4064 509 4140 prudentissimi
522 4064 642 4136 ntap'ores,
655 4080 761 4135 quarunt
772 4063 893 4118 institutis
913 4064 1059 4117 renuntiare
1070 4079 1122 4118 nott

320 4157 531 4223 nominassemus
544 4157 571 4211 in
589 4172 697 4228 persono
713 4154 818 4209 deorum
829 4162 979 4222 uestrorum,
995 4153 1047 4225 ipsi
1059 4170 1122 4225 quo·

319 4264 369 4320 que
386 4248 459 4319 impii
481 4247 713 4320 deprehenduntur.
736 4245 861 4314 Mentior,
876 4247 898 4301 si
917 4262 1046 4315 reunquem
1059 4262 1121 4301 eeu·

321 4351 423 4399 rinmunt
440 4358 472 4397 rte
482 4342 525 4414 qui
545 4342 684 4412 imperator
695 4345 795 4415 tanum,
811 4341 879 4412 qnod
890 4341 916 4395 in
929 4341 1018 4414 pratia
1037 4341 1121 4397 uorte-

320 4444 367 4500 set,
387 4435 458 4505 prius
471 4431 622 4502 dedicasset,
635 4450 711 4505 mem
727 4443 829 4490 serratus
840 4434 981 4508 probasset,
998 4442 1024 4489 ut
1037 4435 1122 4490 romi-

1160 462 1242 519 rcrba
1273 463 1299 518 in
1325 477 1440 535 precoro
1455 462 1574 532 lingulam
1599 459 1638 518 sie
1665 474 1796 517 contuersa
1816 459 1961 518 exlribct:

1160 564 1264 612 notetis
1279 562 1306 620 ἦν
1319 559 1404 628 δόγμα,
1420 561 1511 626 prodiere
1524 563 1574 611 teto
1593 561 1639 611 ὑπὸ
1652 562 1771 627 paraliae
1782 557 1962 627 καθιεροῦσθαι,

1161 653 1215 722 πρὶν
1228 655 1272 704 {rard
1282 659 1477 718 ιοῦσυῃιιλιιιοιι
1491 654 1671 720 doxtpetadrluatt·
1682 655 1783 721 Melpum
1795 652 1905 717 diptico,
1919 653 1963 702 οὗ·

1161 763 1206 800 τως
1221 752 1273 812 napi
1285 764 1346 804 τινος
1358 746 1454 797 εἰδώλου
1466 753 1593 804 armaturas
1607 731 1735 814 didot'quett
1744 739 1864 814 (fiatad,
1873 737 1921 793 did.
1943 737 1964 794 ss

1164 830 1261 888 Esaias.
1280 831 1389 899 litator,
1399 851 1457 905 cup.
1468 833 1496 902 T,
1509 851 1568 910 paq.
1580 830 1638 910 ll).
1649 832 1747 890 Verum
1761 831 1898 904 utrimque
1910 832 1966 888 tor-

1162 925 1243 981 tionis
1263 924 1335 982 idem
1351 918 1429 997 plane
1443 937 1484 983 est
1507 941 1613 984 sensus.
1643 926 1823 998 Quamobrem
1837 925 1896 984 brec
1910 926 1966 996 pri·

1164 1033 1239 1073 mum
1254 1018 1410 1091 explicanda
1421 1029 1502 1088 sunt,
1520 1036 1553 1076 ae
1572 1019 1669 1077 deinde
1690 1020 1897 1078 etatuiuandum
1911 1035 1966 1093 quo

1163 1107 1345 1168 Tertullianus
1361 1111 1441 1168 ntodo
1456 1112 1518 1170 inde
1531 1121 1624 1169 eotrtra
1638 1113 1761 1170 etlnnieos
1774 1112 1902 1188 disputet.

1200 1201 1315 1259 Dubium
1329 1204 1467 1261 enimuero
1480 1220 1542 1262 esse
1556 1214 1645 1278 potest
1657 1205 1794 1280 quodnam
1807 1207 1841 1264 sit
1855 1205 1919 1264 illud
1932 1206 1968 1266 de

1165 1292 1216 1349 deo
1239 1295 1422 1351 consecrando
1437 1295 1564 1352 edictum.
1596 1296 1702 1354 Scimus
1717 1297 1824 1369 quidem
1849 1313 1969 1353 utruma

1165 1384 1299 1444 Cicerone
1314 1387 1388 1445 bisce
1410 1389 1501 1448 uerbis
1515 1388 1631 1446 describi
1647 1406 1654 1444 :
1671 1388 1819 1458 separatim
1829 1405 1902 1444 uento
1917 1390 1972 1444 tta·

1165 1478 1240 1536 bessit
1254 1480 1323 1548 deos,
1338 1498 1398 1536 neue
1408 1498 1496 1549 nouos,
1512 1482 1601 1538 sed-ne
1614 1484 1732 1550 aduenas,
1751 1484 1799 1538 nisi
1809 1483 1909 1554 publice
1921 1483 1972 1538 ad·

1165 1572 1252 1638 scitos,
1266 1574 1494 1645 priuatintcoiunto
1511 1573 1616 1646 (dees,
1633 1576 1676 1630 tit.
1689 1573 1710 1629 il
1732 1573 1765 1628 de
1779 1574 1854 1646 lepid.
1866 1592 1894 1646 p.
1904 1574 1971 1642 dat,

1166 1663 1213 1720 tin.
1227 1666 1283 1738 at).
1295 1665 1373 1722 blind
1387 1677 1475 1723 tamen
1484 1666 1622 1723 decretum
1632 1683 1647 1723 a
1658 1665 1825 1722 Tertulliano
1834 1666 1973 1745 designari

1129 1755 1290 1829 Bridetur;
1311 1765 1404 1829 utpote
1428 1758 1474 1832 qui
1496 1758 1664 1830 imperatoris
1685 1758 1778 1815 lecerit
1793 1759 1971 1815 mentionem.

1167 1848 1285 1906 Laudato
1298 1852 1437 1907 enimuero
1451 1868 1466 1908 a
1480 1851 1612 1908 Cicerone
1624 1851 1666 1908 lex
1679 1850 1808 1909 Romanis
1823 1852 1973 1924 imperato·

1172 1942 1246 1998 ribus
1270 1943 1351 2015 longe
1370 1929 1500 2000 rettsstior
1514 1953 1563 2002 est.
1580 1944 1648 2014 Quid
1663 1959 1749 2018 erqo,
1764 1944 1787 1999 si
1802 1942 1924 1999 dicantus
1939 1944 1975 1999 ab

1172 2034 1291 2089 ductore
1307 2044 1400 2089 nostro
1422 2036 1592 2110 imperatoris
1617 2036 1727 2092 ttontine
1750 2033 1880 2108 appellari
1904 2049 1976 2105 prze-

1170 2127 1267 2185 iertnnu
1290 2129 1441 2196 exereitus,
1456 2138 1501 2186 aut
1514 2127 1652 2185 conantium
1671 2128 1742 2183 illius
1757 2127 1866 2184 ‹lueemi
1882 2125 1974 2183 AEmi·

1169 2221 1222 2278 lius
1237 2231 1326 2278 antem
1343 2221 1445 2277 Probus
1461 2222 1572 2293 lrttjnsee
1595 2222 1662 2293 legis
1679 2222 1798 2294 ignarus,
1812 2231 1858 2278 aut
1872 2221 1908 2278 de
1926 2223 1975 2278 illa

1170 2314 1196 2370 in
1207 2314 1314 2384 ancipiti
1330 2314 1414 2383 prelii
1430 2313 1536 2371 fortuna
1548 2313 1613 2369 niltil
1628 2315 1759 2388 cogitans,
1773 2315 1846 2370 uouit
1856 2313 1915 2371 iore
1931 2328 1971 2382 nt,

1170 2407 1192 2462 si
1210 2406 1300 2462 nostes
1315 2407 1445 2473 ritteeret,
1459 2409 1548 2462 lanum
1562 2418 1733 2463 consecraret
1745 2406 1808 2476 deo,
1821 2408 1864 2462 rui
1876 2406 1974 2462 Albur-

1170 2517 1205 2554 no
1219 2515 1318 2556 nomen
1332 2509 1400 2556 erat.
1416 2501 1469 2557 Sua
1497 2509 1587 2556 autem
1601 2500 1768 2571 experientia
1782 2499 1891 2573 agnouit
1905 2499 1974 2556 illud

1170 2593 1250 2649 nirnls
1273 2608 1394 2664 praeceps
1420 2593 1479 2652 sine
1503 2594 1737 2652 senatusconsulto
1761 2591 1841 2652 luisse
1864 2599 1972 2647 uotum.

1170 2684 1312 2741 Prohibuit
1333 2689 1404 2741 entim
1419 2692 1528 2746 senatus
1543 2685 1593 2742 luoe
1608 2685 1701 2746 lanum
1713 2685 1856 2756 aedidceri,
1872 2698 1972 2756 quem·

1170 2775 1317 2832 admodum
1346 2787 1439 2848 postea
1463 2777 1613 2849 impedivit,
1629 2793 1665 2835 ne
1678 2778 1813 2850 cbristus,
1829 2784 1857 2833 ιιι
1872 2776 1974 2834 ibidem

1171 2868 1209 2924 ait
1221 2867 1420 2937 Tertullianus,
1437 2870 1507 2926 bens
1529 2871 1746 2942 renuntiantem
1771 2870 1878 2930 mntetm
1891 2869 1975 2928 Tibe-

1171 2961 1227 3017 rius
1242 2961 1268 3016 id
1283 2961 1459 3019 veliementer
1473 2964 1630 3036 optavisset.
1904 2977 1913 2986 ·

1207 3054 1272 3123 Quis
1286 3071 1350 3113 uero
1364 3056 1399 3111 sit
1418 3056 1463 3114 ille
1473 3056 1541 3115 deus
1556 3059 1700 3130 eburnus,
1725 3057 1796 3118 dictu
1809 3057 1903 3129 procul
1918 3057 1975 3114 nu-

1132 3165 1155 3229 C
1171 3148 1217 3205 bio
1231 3164 1284 3205 non
1308 3150 1397 3206 nnittus
1410 3150 1530 3208 dilileile.
1546 3151 1616 3210 Rara
1631 3151 1759 3224 siquidem
1772 3150 1843 3226 oport
1857 3162 1973 3209 veteres

1172 3244 1274 3298 mentio
1289 3241 1358 3298 illins
1371 3245 1496 3304 ocrmrit
1512 3245 1555 3304 Ex
1573 3244 1686 3317 lliupilio
1698 3244 1929 3310 emendarimus
1944 3247 1975 3302 in

1172 3333 1288 3390 Lucania
1302 3333 1372 3405 apud
1385 3334 1500 3394 Silarum
1516 3336 1626 3402 durium
1649 3352 1710 3394 esse
1731 3346 1867 3408 mandat,
1882 3335 1928 3410 qui
1938 3336 1976 3394 ab

1173 3425 1219 3482 illo
1232 3425 1369 3482 Alburnus
1383 3425 1425 3484 tns
1438 3426 1561 3484 uersibus
1576 3439 1705 3488 noratur:

1264 3539 1546 3596 Estlucussiterieirea
1556 3542 1704 3607 ilicibusque
1714 3544 1840 3596 ιιιιιιιιιιιι

1265 3600 1389 3652 Plurimus
1400 3599 1535 3654 obernum
1549 3603 1652 3658 uolitans
1672 3607 1712 3662 eui
1725 3619 1816 3657 nomen
1827 3606 1894 3656 asilo

1266 3663 1402 3715 Romanurn
1414 3665 1578 3728 est,0b1stron
1591 3641 1660 3717 G‘r'ali
1667 3677 1768 3719 uertere
1780 3677 1899 3719 nomtttes.
1968 3663 1973 3672 '

1368 3767 1480 3837 trnqtt,
1494 3768 1536 3822 lib.
1547 3779 1574 3824 tlt
1586 3771 1674 3842 Georq.
1683 3785 1706 3824 u.
1719 3772 1798 3826 tibet
1805 3773 1879 3839 seqq.)

1172 3877 1207 3933 At
1236 3879 1259 3934 is
1284 3893 1362 3936 mons
1389 3894 1437 3950 pro
1448 3879 1588 3958 gemilium
1609 3895 1685 3938 more
1699 3889 1871 3937 consecratus
1885 3879 1976 3936 lucrat

1172 3969 1250 4032 plicui
1266 3969 1332 4038 deo,
1348 3970 1391 4026 cni
1402 3972 1516 4030 liburni
1532 3985 1630 4028 unomen
1641 3973 1805 4044 brutositutn,
1815 3970 1974 4029 ettleteltus

1172 4058 1263 4116 innunt
1286 4077 1384 4119 rot'ere
1408 4065 1505 4135 potuit.
1519 4062 1613 4136 Neque
1635 4065 1753 4132 ntlreris,
1774 4065 1798 4122 si
1814 4071 1883 4122 ttmtc
1903 4062 1973 4118 deus

1173 4154 1219 4210 ille
1233 4156 1267 4211 sit
1280 4155 1439 4229 incognitum
1452 4158 1555 4230 topicos
1564 4159 1660 4240 quiippe
1672 4157 1740 4218 deus
1751 4166 1819 4216 erat.
1834 4162 1868 4213 tt
1883 4157 1909 4212 lui
1922 4155 1972 4223 dii,

1173 4255 1201 4302 ut
1212 4247 1337 4304 observat
1349 4248 1469 4319 Seruius,
1481 4266 1535 4308 nou
1551 4251 1699 4308 transibant
1708 4249 1742 4306 ad
1755 4250 1823 4307 alias
1836 4251 1971 4324 regiones,

1173 4352 1205 4395 ae
1217 4339 1329 4409 proinde
1340 4341 1383 4396 niu
1398 4341 1466 4407 aliis,
1484 4357 1562 4412 quant
1573 4343 1693 4400 locorum
1708 4342 1804 4404 ineolis
1816 4341 1872 4400 uoti
1881 4351 1971 4400 erant.

1173 4432 1274 4506 (Seru,
1290 4437 1316 4491 in
1331 4436 1375 4492 tlt.
1390 4436 1436 4496 llll
1451 4436 1573 4512 AEneid.)

279 4543 284 4566 ¹
319 4530 356 4599 qit
371 4525 410 4583 ii.
424 4525 535 4582 AEntilio
545 4524 645 4592 Probo,
658 4527 701 4598 qui
717 4537 815 4582 uernat
830 4527 943 4581 Alburno
954 4525 1011 4584 deo.
1028 4527 1160 4621 Utique„
1210 4528 1268 4584 litto
1281 4540 1370 4586 autent
1383 4543 1539 4603 argumenta
1554 4542 1645 4590 contra
1659 4534 1780 4592 etltnicos
1792 4533 1972 4591 Tertullianus

320 4622 387 4677 enirn
400 4621 595 4693 impiissimum,
616 4621 666 4675 inte
684 4620 966 4675 cotttnmeiiosissiotum
981 4621 1121 4676 admissum
1173 4620 1236 4678 inde
1249 4623 1329 4678 eruit.
1345 4624 1436 4682 Primo
1450 4627 1523 4682 enim
1544 4627 1607 4684 iude
1620 4628 1819 4685 euidentissime
1837 4626 1973 4688 concludit

320 4726 374 4782 est,
387 4715 414 4769 in
427 4713 531 4768 arbitria
545 4722 568 4769 et
584 4712 689 4768 libidine
701 4712 831 4772 sententie
843 4713 964 4768 bantana
976 4711 1061 4770 locare
1073 4713 1122 4770 bo·
1173 4711 1238 4769 deos
1250 4714 1386 4785 perutiliutn
1403 4716 1487 4772 iactos
1501 4733 1561 4775 esse
1581 4733 1631 4792 pro
1644 4719 1782 4778 beminmu
1794 4720 1932 4777 uoluntate
1943 4729 1975 4777 et

321 4821 408 4861 nerem
426 4806 581 4873 diuinitatis,
599 4814 626 4858 nt
640 4804 701 4859 deus
715 4821 765 4859 non
778 4805 821 4872 rit,
842 4804 892 4859 nisi
902 4805 943 4860 cui
957 4821 1012 4866 esse
1025 4806 1122 4878 peruti-
1173 4805 1320 4872 arbitratu,
1338 4818 1417 4881 unque
1437 4809 1537 4867 idcirco
1551 4811 1652 4870 nutnnn
1668 4827 1747 4883 potae
1758 4813 1895 4884 reunion
1911 4826 1974 4869 esse

324 4896 493 4953 seritsenmes
510 4895 640 4969 (Terruit,
654 4895 697 4950 tto.
712 4895 767 4950 lod
778 4895 898 4965 Notion,
911 4913 935 4951 e.
951 4897 996 4967 ld,
1007 4915 1034 4969 p.
1045 4898 1121 4970 575).
1174 4897 1271 4965 deum,
1288 4900 1339 4957 nisi
1358 4899 1458 4958 bomini
1473 4903 1613 4975 placuerit.
1633 4904 1713 4976 Atqui
1731 4919 1835 4961 summa
1848 4906 1974 4976 impietas

320 4989 374 5047 Sed
387 4988 446 5045 huc
461 4988 506 5044 ille
521 4987 627 5044 breuius
637 4987 664 5043 in
679 4988 853 5059 npotogetteo
866 5003 934 5044 suo:
956 4987 1050 5055 Vetus,
1066 4991 1121 5058 ait,
1174 5000 1216 5047 est
1230 4991 1276 5047 ulli
1299 5007 1347 5063 pro
1366 4992 1504 5052 bantinum
1524 4996 1636 5055 arbitrio
1656 4998 1775 5056 tribuere
1791 4998 1971 5054 diuinitatem.

321 5092 374 5139 erm
387 5083 523 5148 decretum,
539 5098 570 5137 ne
582 5080 626 5160 qni
636 5079 698 5136 deus
710 5079 741 5134 ab
755 5081 908 5152 imperatore
921 5091 1119 5151 annumeraretur,
1173 5083 1259 5141 Verus
1272 5084 1401 5156 siquidem
1421 5087 1494 5146 bens
1510 5103 1525 5145 a
1539 5103 1569 5145 se
1590 5091 1648 5163 ipso
1669 5102 1696 5150 ct
1726 5092 1896 5163 omnipotens
1910 5099 1973 5158 cst,

319 5179 371 5235 nisi
383 5195 399 5233 a
409 5186 496 5232 senatu
506 5177 638 5248 probatus.
664 5173 720 5230 Scit
731 5173 770 5229 ll.
782 5173 905 5230 AEmitiua
917 5174 1002 5234 dedeo
1012 5191 1059 5230 suo
1073 5175 1122 5229 Αι-
1173 5189 1254 5250 atque
1266 5178 1327 5235 ideo
1345 5179 1409 5236 nulli
1423 5182 1570 5253 subjectus,
1580 5184 1628 5244 sed
1643 5186 1680 5240 illi
1702 5185 1821 5256 subjecta
1833 5193 1898 5241 suunt
1910 5199 1975 5242 otn-

322 5269 413 5325 bnrno.
431 5269 506 5325 Furit
519 5268 566 5323 iroe
579 5267 613 5322 nd
625 5283 742 5322 caussam
756 5276 879 5335 suestram,
887 5281 936 5340 quo
947 5268 1018 5340 apttd
1034 5283 1077 5322 uos
1090 5268 1122 5323 de
1173 5274 1228 5330 nia.
1241 5272 1346 5330 Etltnisi
1360 5289 1424 5347 ergo
1439 5276 1510 5333 nulla
1526 5278 1711 5352 prorsuslepe,
1725 5277 1776 5335 nisi
1791 5278 1971 5351 ittiqttissinta,

321 5363 433 5419 numano
456 5361 580 5418 arbitratu
607 5359 727 5414 diuinitas
758 5359 908 5429 pensitatur.
939 5357 998 5414 rttsr
1024 5358 1122 5415 domini
1174 5365 1321 5423 decernere
1337 5373 1490 5440 putuerunt,
1512 5367 1831 5443 numerumnunerum
1852 5372 1906 5428 teri
1924 5370 1974 5428 bet

320 5457 383 5511 dett
398 5455 532 5528 placuerit,
548 5453 610 5508 ‘¹2⁸³
624 5467 674 5505 ιιι
691 5451 757 5517 ιιῐιί
773 5452 848 5506 ¹1⁰¹t¹⁰
862 5452 920 5522 ιἰιιιι
937 5451 984 5506 ‘¹⁶0
994 5453 1122 5523 vrvttt'tius
1173 5459 1257 5525 cultu,
1274 5458 1358 5514 botos
1370 5459 1403 5515 ab
1414 5459 1566 5522 ltontiuibus
1578 5464 1644 5519 deos
1655 5464 1810 5540 autument,
1818 5479 1896 5522 seeum
1906 5478 1974 5521 uero

320 5565 374 5604 erse
383 5546 478 5603 debebit
489 5547 499 5618 (
508 5545 593 5611 ideut,
610 5543 757 5617 sperone,
771 5561 830 5615 cap.
846 5546 873 5609 5,
888 5563 914 5616 p.
929 5545 1005 5618 ιιι).
1018 5546 1046 5601 Ιιι
1058 5548 1120 5618 qni·
1173 5550 1210 5607 illi
1226 5551 1306 5608 etiam
1321 5551 1431 5609 inauditi
1446 5554 1672 5618 intetiieerenlur.
1684 5556 1809 5614 Secum
1824 5556 1884 5613 inde
1896 5554 1977 5613 eoni-

320 5640 433 5696 busdam
449 5653 513 5695 uero
524 5636 718 5708 antiquioribus
728 5635 890 5693 editionibus
901 5652 949 5707 pro
962 5638 1118 5706 ltisuerbis,
1171 5644 1210 5715 git
1220 5643 1398 5702 Tertullianus
1408 5649 1482 5703 relus
1496 5645 1561 5703 illud
1573 5648 1607 5704 de
1621 5649 1698 5706 noris
1712 5648 1763 5705 diis
1778 5663 1832 5706 nun
1847 5648 1974 5706 introdu-

319 5731 376 5790 arn
390 5729 430 5786 li.
445 5727 581 5798 AErrtitiur,
600 5728 712 5788 babetur
726 5738 754 5787 ut
768 5727 874 5788 lieren
886 5729 1024 5803 AEntitinn
1038 5739 1119 5807 atque
1172 5736 1264 5795 cendia
1278 5736 1416 5796 decretum
1431 5738 1465 5797 ab
1480 5739 1600 5812 ipsisntet
1614 5739 1758 5816 peruntinae
1771 5739 1909 5809 tieletum,
1925 5740 1976 5814 qui
