4242 6259
168 214 204 280 m
901 193 1098 274 ummo

169 323 590 398 tmaseonurntmmame,
603 325 701 401 tector,
721 331 751 387 ot
767 320 841 388 huna
858 326 906 384 tihi
927 325 1015 393 rat
1241 320 1324 382 liiii.
1361 318 1494 400 libell)
1528 320 1610 385 liii.

170 441 231 484 rum
242 439 275 482 ae
287 438 390 482 nouum
405 420 643 492 thesaurumpara,
654 433 687 477 ae
697 420 765 477 sale.
780 436 790 478 r
809 420 837 477 ln
847 421 930 485 culeo.
940 419 976 476 lo
1060 414 1127 479 uas.
1141 427 1186 491 ap,
1197 415 1315 476 Froben.
1330 416 1348 474 l.
1363 419 1538 491 repetitiones
1551 420 1654 492 primae.

171 521 207 577 lio
220 528 283 580 ante
301 517 420 575 indicem
434 517 556 589 proximo
572 533 579 570 a
593 512 704 573 Bariiee
724 517 794 591 apud
811 513 857 572 lo.
871 514 976 571 'Frobe
1049 523 1053 532 “
1386 513 1469 570 tatu.
1554 582 1561 596 ·

172 615 263 674 aiunt:
291 626 380 667 acerrae
405 610 489 666 lulio.
514 607 566 663 An.
581 607 664 669 taut.
685 608 774 680 Opera
795 622 856 681 quae
876 609 903 664 in
924 608 976 665 hoe
1066 603 1121 660 El).
1137 602 1550 664 besliuehststturetteaer.
1564 607 1649 680 Opera
1660 604 1694 679 Q.
1707 606 1829 681 Septimii

170 705 309 763 uolumine
322 703 514 772 continentur,
529 716 643 775 purorum
669 701 818 774 catalogum
830 701 926 774 pagina
941 703 975 758 ti·
1029 696 1164 756 Florentis
1186 698 1345 758 Tertulliani
1368 700 1616 774 Cartlragiuiensis,
1638 701 1709 760 inter
1733 702 1830 760 latinos

172 798 218 854 tuli
231 795 347 853 aduersa
360 794 478 868 prebet,
491 795 549 857 hee
560 802 645 860 sunt:
661 794 693 850 de
707 792 837 850 Patientia
851 793 933 860 tiber,·
946 795 978 850 de
1028 791 1158 849 Ecclesiae
1184 794 1330 866 scriptores
1356 794 1456 866 primi,
1488 795 1548 853 sine
1572 810 1688 868 quorum
1715 794 1831 853 lectione

170 889 255 949 Corne
274 888 395 956 Christi3
414 888 447 944 de
458 885 654 946 nannetum
674 887 776 955 ramim
799 887 831 944 de
853 886 978 944 Proscri-
1029 885 1131 942 nullum
1148 885 1219 942 diem
1230 887 1427 945 intermittebat
1441 888 1505 945 olim
1518 889 1596 946 dirus
1608 891 1766 962 Cyprianus,
1782 905 1832 962 per

172 986 258 1060 ptione
269 984 466 1051 haeretieorum,
475 982 604 1038 Adoneus
612 998 700 1038 omnm
714 986 821 1040 hereret
832 983 979 1052 rdduermr
1029 978 1142 1037 Beatum
1151 979 1310 1037 itlrenanum
1325 980 1561 1039 Seletstadiensem
1575 998 1590 1040 e
1605 983 1722 1040 tenebris
1744 990 1830 1052 eruta,

173 1076 300 1146 ladmen
319 1075 448 1132 Aduersus
468 1075 629 1146 ilnrrionem
641 1075 699 1131 libri
711 1074 747 1143 tt·
766 1075 895 1131 Aduersus
909 1074 979 1131 ller-
1030 1079 1112 1143 atque
1129 1086 1146 1128 a
1160 1071 1213 1130 situ
1225 1087 1276 1145 pro
1290 1073 1361 1130 uirili
1375 1064 1519 1144 uindicata,
1536 1074 1649 1147 adjectis
1663 1075 1831 1148 singulorum

174 1185 316 1245 magenenu
326 1170 456 1226 Aduersus
474 1167 680 1235 Valentinianum
694 1168 822 1226 Adamana
837 1166 979 1235 Proxeom:
1031 1163 1163 1223 librorum
1183 1166 1360 1237 argumentis,
1376 1174 1404 1223 et
1418 1165 1512 1224 nullibi
1534 1181 1587 1223 non
1608 1168 1785 1241 conjecturis,
1801 1178 1833 1226 aa

175 1265 205 1320 de
216 1262 319 1320 ΰοτοηα
337 1262 449 1328 militis,·
469 1260 511 1318 dd
529 1260 678 1333 lior-tgres,⁴
703 1263 735 1317 de
753 1261 928 1328 Treuirorum
948 1263 980 1318 de
1030 1273 1118 1330 nuper
1143 1259 1287 1317 collatione
1309 1259 1465 1318 Gorziensis
1488 1261 1649 1334 exemplaris
1671 1277 1704 1320 ex
1729 1260 1833 1318 Medio⁴

179 1354 327 1430 Virginibus
339 1355 475 1420 vetatur„
490 1355 522 1411 de
541 1353 638 1409 Habita
650 1355 785 1421 nruiiebri,·
799 1355 831 1411 de
844 1355 919 1412 Cultu
934 1359 980 1425 se·
1031 1354 1188 1411 matricibus
1197 1355 1297 1423 oblata,
1308 1370 1362 1412 non
1373 1355 1459 1412 solum
1471 1354 1739 1428 longeemendatiora
1751 1353 1832 1425 laeta,

176 1451 305 1506 minorum
316 1468 326 1517 ‚-
339 1451 373 1505 ed
388 1447 501 1506 Uxorem
510 1464 583 1511 ruam
596 1447 654 1504 libri
666 1446 705 1514 ll;
723 1449 755 1503 de
770 1447 846 1522 anu
861 1450 887 1504 in
898 1465 981 1521 pene·
1032 1460 1127 1502 norum
1141 1446 1221 1504 ctiam
1238 1462 1287 1518 pro
1300 1462 1330 1504 re
1342 1457 1404 1504 nata
1418 1437 1495 1508 noris
1515 1463 1547 1505 ae
1558 1449 1668 1506 retertis
1680 1448 1833 1520 annotatio·

176 1542 348 1611 mtionerod
363 1542 522 1616 Sceptrone·
539 1542 572 1596 de
585 1539 773 1598 dehortatione
784 1543 928 1608 renuentia·
949 1543 981 1598 de
1032 1539 1112 1596 nibus
1145 1541 1265 1612 exposita
1300 1541 1497 1616 illustrataque.
1529 1543 1649 1613 Quorum
1683 1544 1834 1617 catalogum

178 1634 411 1709 Honopmningde
425 1633 727 1706 Paltiordpolopeticm
740 1635 861 1692 adrerum
883 1647 979 1707 perires.
1032 1633 1155 1704 proxima
1171 1636 1267 1706 pagina
1288 1635 1420 1707 reperies.
1440 1636 1546 1693 Floruit
1567 1635 1618 1693 sub
1635 1636 1713 1695 Cass.
1733 1636 1835 1695 Seuero

215 1729 329 1801 Ceperat
343 1725 439 1784 edendi
455 1725 648 1783 Tertullianum
660 1726 801 1788 eonsilium
816 1728 981 1799 Rhenanus,
995 1732 1021 1792 B
1035 1726 1198 1795 Pertinace,
1231 1739 1259 1785 et
1282 1731 1420 1788 Antonino
1446 1729 1602 1801 Caracalla,
1625 1730 1704 1788 ualde
1731 1730 1836 1788 uicinus

179 1839 239 1882 eum
254 1823 323 1880 lorte
339 1824 365 1878 in
378 1823 499 1879 codicem
514 1830 651 1879 uetustum
666 1820 814 1879 Paternioci
831 1823 981 1898 (Pretertin
1033 1818 1215 1890 apostolurum
1245 1822 1431 1892 temporibus,
1459 1822 1531 1880 cirea
1553 1838 1653 1879 annum
1686 1838 1703 1879 a
1728 1822 1836 1882 Christo

181 1917 249 1991 pen)
272 1916 390 1974 coenobii
415 1915 592 1988 Transierant
612 1915 769 1986 incidisset,
790 1931 853 1974 mox
875 1917 983 1990 adjutus
1034 1927 1114 1983 passo
1141 1914 1203 1971 lbi).
1229 1912 1354 1972 Bisnue
1376 1915 1457 1973 ¹559.
1480 1932 1566 1974 uunsu
1587 1931 1698 1975 uanrro.
1716 1917 1761 1974 -lle
1786 1916 1837 1974 hae

180 2014 258 2068 etiam
273 2011 368 2067 codiee
382 2008 562 2082 hirsaugiensi
584 2008 749 2082 (hirmino).
772 2007 922 2083 Utrumque
942 2020 982 2067 ta·
1033 2007 1152 2064 secunda
1167 2007 1442 2083 editioneandiamns,
1452 2027 1512 2085 qrra
1523 2012 1581 2084 ipse
1594 2011 1741 2068 Rhenanus
1751 2011 1837 2068 literis

181 2119 241 2160 men
263 2111 317 2159 tam
337 2112 495 2174 corruptum
514 2112 540 2159 et
554 2102 660 2160 mendis
674 2103 801 2175 plenum,
821 2103 901 2161 simul
914 2105 979 2161 seri·
1035 2099 1173 2170 pratris,
1201 2100 1270 2159 datis
1298 2103 1451 2160 Seletstadii
1477 2106 1528 2162 suh
1556 2106 1609 2162 cal.
1639 2114 1717 2161 mart.
1747 2104 1836 2173 teau,

180 2209 284 2270 pturam
296 2198 441 2271 utrobique
456 2209 510 2256 tant
524 2197 639 2267 similem
654 2195 850 2269 deprehendit,
870 2206 901 2254 ut
915 2197 984 2255 aher
1034 2194 1129 2254 scribit
1145 2214 1153 2251 ε
1169 2214 1179 2248 r
1197 2195 1298 2253 lterum
1313 2197 1408 2255 damus
1423 2198 1635 2268 Tertullianum,
1650 2198 1698 2256 sed
1711 2197 1838 2255 entenda·

179 2292 313 2348 abaltero
333 2291 485 2363 descriptos
506 2291 654 2362 rideretur,
678 2300 706 2348 et
728 2292 756 2348 ni
776 2291 861 2349 semel
874 2290 984 2349 uixdum
1036 2289 1142 2356 tiorem,
1158 2306 1238 2362 quam
1258 2293 1381 2349 antehae.
1396 2291 1477 2364 Curius
1490 2294 1529 2351 rei
1548 2308 1653 2361 caussa,
1669 2294 1741 2366 qnod
1755 2293 1839 2354 colla·

178 2383 299 2456 inseripti
323 2379 399 2453 libri,
413 2382 477 2440 dum
498 2380 625 2441 Trabenii
643 2382 726 2454 praela
746 2390 890 2452 uacarent,
913 2383 985 2456 typis
1036 2383 1137 2441 tionem
1152 2383 1211 2457 ejus
1233 2386 1344 2455 codicis,
1361 2387 1406 2459 qui
1420 2375 1570 2444 Gorziain
1592 2387 1839 2446 hlediomatrieibus

178 2478 275 2536 excudi
289 2478 372 2552 ccepti
384 2486 476 2536 ment
487 2520 495 2547 ,
508 2478 620 2537 omuino
633 2477 667 2535 ab
680 2487 764 2550 opere
782 2477 941 2536 destitutum
954 2492 986 2535 se
1036 2485 1191 2533 asservatur
1210 2476 1346 2551 diligentia
1372 2494 1403 2536 ac
1434 2480 1596 2537 dexteritate
1615 2479 1728 2538 liuberti
1750 2480 1840 2536 Custi-

179 2569 264 2629 luisse
285 2571 412 2627 alhrmat.
427 2568 542 2628 Secutus
562 2585 628 2643 ergo
649 2570 679 2627 in
703 2568 870 2642 profligando
892 2569 986 2627 labore
1037 2566 1267 2642 nei-adjurante
1279 2570 1679 2630 bominieoFlorentiuosodali
1690 2581 1838 2644 peractam,

181 2666 231 2724 boe
243 2674 298 2734 cst,
307 2664 463 2735 utrpuonda
473 2665 530 2721 toea
540 2664 663 2721 mendum
673 2662 887 2736 deprehenderet,
901 2673 925 2718 et
934 2679 986 2719 aaa
1038 2677 1102 2721 eura
1114 2664 1299 2736 jurisconsulti
1314 2666 1345 2721 u.
1359 2666 1463 2725 Claudii
1477 2651 1662 2725 Cautiuneulae
1675 2665 1840 2726 Ferdinandi

180 2760 340 2819 rubrenirent
361 2757 530 2832 eaenrpiorio,
544 2757 626 2813 eciem
640 2757 758 2831 religiose
780 2774 833 2814 erre
853 2755 988 2813 tractando
1038 2751 1186 2814 Caesarina
1211 2757 1335 2826 eonsilio,
1358 2759 1466 2817 tandem
1489 2759 1560 2817 nacti
1578 2775 1681 2817 surmus.
1697 2760 1753 2817 Nee
1776 2774 1841 2817 uero

182 2861 314 2909 metarum
328 2852 424 2922 scripta
436 2867 488 2906 nou
499 2866 612 2906 recusae
631 2867 673 2906 rer
685 2866 772 2908 meror
784 2892 792 2921 ,
814 2850 880 2907 nihil
903 2859 987 2906 mmo·
1040 2858 1143 2908 tautum
1171 2852 1274 2923 proluit
1299 2853 1367 2923 illa,
1388 2870 1551 2926 quamquam
1578 2855 1694 2914 multum
1719 2853 1840 2928 proluit,

183 2957 237 3020 ret,
249 2949 297 3006 rod
316 2950 493 3021 conjecturor,
513 2965 570 3021 quor
582 2959 636 3005 tum
648 2950 676 3005 in
688 2958 797 3005 amntem
815 2949 881 3020 sorte
902 2927 987 3004 uenie-
1040 2953 1168 3015 quantum
1176 2945 1617 3006 momentiattulitadexactiorem
1626 2948 1841 3018 castigationem,

184 3042 261 3112 brot,
275 3045 303 3098 irr
315 3045 474 3116 amrgioihm
491 3043 632 3115 adiiceret,
647 3058 756 3113 puerum
770 3041 922 3108 nonnulle,
947 3017 989 3096 iir-
1041 3038 1112 3109 qrrod
1126 3036 1354 3108 deprehendimus
1373 3038 1488 3095 subinde
1499 3042 1659 3111 graeissare
1680 3039 1841 3111 Septimium

185 3135 259 3207 quit,
274 3152 321 3192 nec
336 3137 399 3192 milri
411 3135 652 3205 nruttumurridem,
674 3150 760 3191 omnm
772 3126 1027 3205 rapiebamleeto-(i
1044 3129 1135 3202 figuris
1151 3140 1179 3187 et
1193 3131 1438 3187 eorrstruetionibus
1457 3131 1553 3204 graecis
1579 3139 1711 3196 utentem.
1724 3134 1844 3204 Apparet

187 3252 239 3290 ran
250 3236 427 3292 debitotorem
437 3234 569 3307 adjutare.
577 3233 684 3303 Quodsi
695 3249 748 3289 rmrr
758 3232 849 3303 ubique
859 3229 989 3299 rnreerrit,
1045 3239 1110 3281 sarie
1125 3231 1390 3281 nostrumauetorem
1405 3226 1430 3281 in
1440 3225 1843 3284 lectioneGroccorumneterum

188 3343 237 3382 narr
249 3337 288 3383 est
300 3328 396 3384 idcirco
407 3328 569 3383 donrnondm
584 3335 719 3382 conotus.»
734 3324 840 3397 Pergit:
859 3341 869 3377 ‹
885 3322 991 3381 Utinam
1042 3318 1088 3389 qui
1101 3316 1208 3389 plurimi
1220 3316 1247 3373 id
1261 3318 1425 3389 temporiset
1434 3318 1486 3376 soli
1498 3320 1567 3376 iuter
1580 3335 1672 3377 sacros
1685 3322 1852 3390 interpretes,

188 3422 250 3478 migr
261 3423 338 3495 ⁶093,
350 3422 441 3496 sm,
464 3421 696 3494 mmpgafgwg
711 3421 738 3477 g,
753 3417 886 3475 (pm-,penge
906 3432 991 3474 mo.
1044 3407 1212 3466 habebantur
1235 3408 1344 3466 assiduo
1364 3419 1512 3478 uersatum,
1532 3420 1562 3468 ut
1579 3411 1728 3469 imbibitum
1748 3422 1775 3470 et
1794 3411 1846 3467 im-

189 3515 230 3572 bio
251 3526 380 3582 mater,
403 3516 432 3571 id
445 3515 515 3573 ebert
532 3515 568 3570 ed
588 3515 692 3571 tertium
714 3513 866 3570 milliarium
888 3510 993 3567 oburbe
1043 3514 1165 3573 pressam
1190 3502 1329 3559 memorlae
1359 3501 1515 3562 Graecortlm
1537 3503 1670 3561 dialecltlh
1698 3504 1780 3562 eli-'tm
1808 3505 1846 3561 lu·

191 3607 428 3678 ssediometriemrr,
444 3617 467 3665 et
481 3610 540 3666 item
554 3610 611 3682 eius
620 3607 688 3680 quod
699 3605 770 3677 opud
783 3603 897 3661 Foliam
911 3611 993 3660 eorem
1043 3593 1100 3651 tine
1111 3594 1231 3652 scribens
1245 3596 1438 3654 intoroblirisei
1466 3596 1602 3670 nequiret.
1617 3597 1672 3656 Nos
1688 3600 1844 3673 lrrrp'usmodi

191 3705 229 3762 net
254 3706 311 3778 eim
333 3705 403 3777 quod
425 3720 478 3761 erre
492 3699 583 3759 liram
605 3705 701 3774 parent.
724 3698 778 3756 Sed
801 3699 891 3769 aperiit
911 3697 994 3769 iniqui
1044 3695 1137 3760 tropos
1149 3688 1336 3756 indicarimus,
1359 3698 1388 3746 et
1409 3689 1516 3763 nitidem
1531 3685 1603 3765 sape
1623 3692 1750 3762 crassius,
1765 3692 1847 3750 modo

193 3798 313 3871 temperie
326 3798 433 3865 mter,
447 3812 497 3853 non
510 3796 638 3869 potuimus
654 3809 685 3848 ea
697 3790 821 3849 condrei.
834 3790 993 3862 Quamprrmn
1044 3782 1183 3853 apartium
1211 3796 1275 3838 nam
1302 3781 1436 3839 voluimus
1460 3783 1588 3855 adjuvare
1614 3784 1759 3842 studiosos.
1787 3784 1848 3844 iant

193 3904 278 3947 rerem
292 3889 358 3946 nihil
369 3889 464 3945 nostru
486 3903 540 3946 erae
559 3885 748 3952 emendatiora,
772 3882 876 3955 quondo
895 3880 994 3937 codieer
1045 3874 1120 3934 dedit
1139 3874 1346 3934 retexendarum
1362 3876 1566 3934 annotationum
1580 3893 1674 3935 ausam
1695 3877 1848 3936 collationis

192 3985 284 4056 portu
298 3985 339 4039 tari
352 4000 451 4051 mrrrnr,
463 3981 646 4055 flirruugemir
665 3988 688 4035 et
715 3975 931 4043 Prominenti,
942 3983 995 4030 tam
1045 3968 1123 4027 istius
1133 3972 1328 4043 opportunitas,
1343 3970 1389 4027 ubi
1402 3971 1652 4044 lectioposteriora
1667 3971 1761 4045 priore
1775 3988 1846 4029 non·

191 4088 339 4136 manenter
357 4094 403 4149 per
411 4077 499 4134 omnio
521 4074 728 4142 courmtiebent,
742 4087 773 4129 ea
792 4070 897 4128 dirersis
922 4068 995 4124 altori
1047 4079 1192 4136 numquam
1212 4064 1326 4123 erariat.
1350 4062 1407 4122 lion
1429 4065 1555 4138 quoniam
1579 4069 1637 4123 era't
1664 4065 1846 4135 indicandum,

193 4171 372 4239 biblimlrmh,
387 4182 410 4226 et
421 4185 473 4226 non
487 4184 539 4226 eno
557 4177 671 4241 tempore
692 4164 824 4237 decepti.
844 4162 900 4223 Sed
918 4162 996 4235 duim
1047 4158 1128 4214 aliam
1143 4158 1427 4228 etiamexpositionem
1441 4166 1542 4215 rrruuta
1552 4159 1633 4216 uerba
1647 4157 1847 4217 desiderabant.

193 4263 344 4336 wasermdi
358 4264 469 4319 lahorem
481 4262 539 4319 aliie
551 4262 761 4318 committemus.»
1046 4248 1106 4308 Non
1120 4248 1196 4307 lienit
1218 4249 1314 4306 adesse
1327 4249 1431 4307 Basilca
1451 4250 1515 4308 dum
1536 4251 1626 4308 editur
1649 4266 1726 4326 opus.
1748 4250 1849 4309 Verum

231 4354 335 4413 Praeter
346 4361 503 4428 argumenta
515 4395 524 4424 ,
535 4352 648 4426 singolis
656 4353 731 4410 libris
742 4366 795 4408 una
808 4364 870 4407 eum
883 4359 997 4407 annota-
1047 4343 1234 4417 sigismundus
1246 4340 1383 4413 Gelenius,
1397 4343 1478 4400 homo
1492 4347 1581 4418 magni
1606 4343 1633 4401 in
1650 4344 1849 4416 literisjudicii,

196 4449 324 4506 tinumlis
346 4448 504 4520 praemissa,
525 4446 640 4520 praeducit
658 4445 805 4503 Rhenanus
822 4444 904 4499 vitam
928 4442 996 4499 Ter·
1048 4444 1076 4493 et
1102 4435 1255 4493 eruditione
1277 4451 1383 4493 summa
1412 4437 1558 4509 praeditus,
1581 4438 1607 4494 in
1632 4435 1852 4510 recognoscendo

196 4540 313 4611 tulliani,
337 4540 457 4612 itemque
475 4539 695 4612 disputationem,
721 4531 1134 4607 coenomanorum-nopae
1157 4532 1286 4589 vicariam
1312 4546 1421 4604 operam
1447 4532 1475 4588 in
1500 4532 1605 4589 othcina
1633 4532 1779 4604 prostitit,
1807 4530 1853 4602 qtri

196 4636 303 4694 uitiauit
316 4635 480 4692 eductorem
489 4632 677 4705 depuibmdmn
689 4629 843 4698 Tertulliani
852 4627 1000 4700 dopotothr
1052 4625 1146 4681 merita
1165 4624 1243 4681 laude
1262 4639 1315 4681 non
1335 4632 1378 4682 est
1398 4622 1571 4682 lraudandus.
1596 4642 1605 4677 r
1628 4653 1664 4665 -
1681 4622 1756 4680 Hane
1776 4638 1853 4680 notu

196 4727 397 4800 suiriuagnutur
416 4741 480 4783 nero
498 4723 664 4796 Definitiooea
687 4721 915 4778 ecclesiastieorum
934 4719 1000 4793 dop-
1051 4716 1178 4774 editionis
1196 4716 1378 4789 prelationem
1406 4715 1542 4788 excipiunt
1561 4714 1701 4773 Prouerdio
1720 4725 1766 4773 aut
1786 4717 1854 4775 Pro·

196 4832 309 4889 mmmm,
322 4813 742 4892 posthaedenoadioadaeripte,
754 4812 876 4871 etindex
887 4811 1002 4883 denique
1052 4809 1137 4868 rerbii
1153 4809 1270 4881 speciem
1290 4807 1447 4875 referentia,
1463 4807 1559 4881 quibus
1580 4810 1681 4882 passim
1701 4808 1854 4888 inscriptis

198 4912 349 4970 dictionum
361 4910 610 4979 emundarumnue
623 4922 656 4964 ae
675 4905 842 4980 dogmatum.
863 4903 1003 4975 Inscripsit
1053 4908 1110 4966 suis
1129 4907 1212 4963 utitur
1226 4904 1304 4977 Sept.
1317 4901 1499 4960 Tertullianus
1513 4904 1619 4978 avulgo
1632 4907 1774 4964 maximam
1790 4922 1854 4980 par·

197 5004 394 5078 opesprincipi
403 5002 537 5063 sunam
549 5001 648 5071 Turro,
659 5000 793 5075 Episcopo
806 4996 1001 5057 Olomutaensi·
1055 5010 1109 5059 tem
1123 5000 1268 5073 descripta,
1282 5008 1337 5055 tum
1348 4998 1462 5070 repetita
1474 5014 1506 5056 er
1518 5000 1600 5072 priori
1606 5002 1728 5060 aditione
1739 5001 1854 5076 epistola

199 5097 368 5158 ‘filistim
379 5096 573 5173 ‘Tthissil
582 5095 641 5155 ¹12⁰
653 5094 736 5154 θᾶῑῑῑθ
748 5101 791 5150 0⁸1
801 5092 866 5150 ⁵²11ss
879 5091 1001 5164 insignis,
1055 5095 1247 5167 nuncupatoria
1266 5103 1294 5151 et
1316 5094 1369 5150 uita
1384 5093 1553 5153 Tertulliani.
1577 5097 1723 5153 Adoronin'o
1743 5096 1777 5153 de
1795 5098 1856 5168 qrri·

201 5199 260 5252 tura
284 5190 610 5265 meermannianam
634 5187 731 5256 nitido,
766 5193 823 5243 tum
847 5183 940 5258 liguris
960 5182 1004 5240 rol
1055 5189 1168 5246 busdam
1178 5186 1335 5244 Tertulliani
1345 5187 1479 5261 dogmatis
1490 5188 1525 5246 ad
1537 5188 1639 5247 caleam
1653 5187 1775 5259 recessit,
1789 5188 1858 5246 deh-

201 5284 413 5353 eumenium,
435 5284 480 5343 rel
505 5280 693 5357 mythologieis
718 5288 748 5337 et
774 5277 912 5336 historicis
933 5276 1005 5349 ligno
1056 5279 1173 5338 nitioues
1201 5269 1300 5338 ee'oies.
1327 5280 1483 5352 dogmatum
1514 5281 1622 5352 penitus
1648 5280 1756 5338 omissae
1780 5292 1855 5341 sunt.

200 5378 355 5452 impressis,
374 5393 436 5451 pure
452 5378 550 5451 partim
563 5376 698 5449 margines
712 5372 791 5442 tituli,
816 5373 932 5444 itemque
948 5368 1005 5442 pri·
1058 5376 1141 5434 ludex
1159 5391 1244 5434 novus
1255 5385 1401 5448 etprorsus
1413 5376 1481 5432 alius
1496 5383 1548 5432 est.
1564 5376 1605 5431 dd
1620 5377 1754 5450 margines
1768 5386 1857 5437 textus

201 5485 259 5528 maa
280 5470 469 5540 dedicationis,
493 5477 522 5526 et
542 5467 641 5527 deinde
663 5467 747 5540 ipsius
768 5474 859 5534 textus
881 5463 1006 5536 peginam
1058 5469 1130 5529 dicta
1157 5480 1185 5529 et
1214 5469 1356 5527 sententie
1387 5467 1548 5540 insigniores
1579 5468 1721 5542 diligenter
1746 5478 1857 5530 route.
1922 5521 1928 5534 .

203 5562 321 5635 primam
336 5563 457 5640 cingunt,
479 5561 576 5638 partim
599 5561 683 5621 literis
704 5558 848 5618 initialibus
862 5556 1007 5631 majoribus

201 5666 390 5720 munt.

1096 5599 1857 5705 mummmmmmnmmw

1061 5702 1148 5769 Opera
1161 5731 1198 5745 -·
1211 5715 1272 5757 cum
1291 5706 1383 5756 unrrot.
1399 5699 1430 5757 B.
1444 5698 1567 5760 Rhenani
1582 5713 1609 5764 et
1622 5704 1667 5768 Fr.
1680 5704 1776 5770 dutrii!
1794 5708 1857 5770 Bas.

1063 5774 1134 5840 {528
1153 5772 1172 5834 l.
1184 5772 1295 5850 inepto!
1323 5771 1536 5853 Seuerianam,
