4242 6259
198 365 271 426 titt
842 364 1007 427 ttoeuota
1026 363 1212 426 oratioue.
1784 351 1856 427 ttrt'
1935 399 1937 410 ,

200 485 285 559 pacis,
293 477 364 559 quod
373 480 895 558 estsigmcoluminborationinduendo
904 484 1092 548 antenillnia
1114 493 1206 542 nostra
1223 480 1320 542 celare.
1343 483 1403 542 iam
1424 483 1497 542 enirn
1520 484 1554 543 de
1571 483 1734 545 abstinentia
1765 480 1855 544 oscoll

200 581 286 654 inagis
306 577 470 636 conierendo
491 593 554 636 cum
579 576 709 635 iratubus
733 590 852 651 penest,
874 580 924 639 uisi
937 598 998 642 curn
1050 578 1223 651 agnoscimur
1243 576 1406 650 iejuiiautes.
1431 576 1484 636 Sed
1508 583 1536 634 et
1556 575 1579 633 si
1602 565 1654 648 qua
1669 577 1704 651 (ῃ
1722 577 1855 644 ratioest,

199 672 287 729 oratio
308 669 549 728 commendabilior
568 669 699 736 ascendii,
721 679 750 727 ut
762 670 824 744 gipsi
850 672 884 731 de
907 687 1000 735 nostra
1050 679 1186 729 nemmen
1205 669 1269 726 huic
1289 679 1424 742 praecepto
1442 684 1505 727 reiis
1519 668 1557 725 sis
1569 668 1620 743 (i),
1636 678 1718 741 potes
1732 668 1817 735 domi,
1830 668 1855 726 si

199 765 355 840 operatione
368 764 522 837 participes,
536 763 591 835 jam
606 763 723 821 audeant
749 764 784 822 de
797 778 845 821 sua
873 782 939 838 pace
960 769 999 844 (b)
1050 765 1181 842 iorte(3)‚
1195 767 1266 825 inter
1291 783 1360 842 qnos
1382 767 1466 824 latere
1486 766 1618 838 jejunium
1644 766 1670 822 in
1692 773 1777 822 totum
1800 778 1855 821 uon

199 859 275 918 lratri
303 857 469 930 transigerei
494 856 560 927 qne
583 856 671 913 oratio
692 872 754 914 cunt
777 858 894 916 divortit>
913 862 1000 921 sancti
1049 862 1139 931 datur,
1153 862 1261 921 differre
1283 878 1388 936 pacem.
1410 860 1581 933 Ubicumque
1596 867 1686 917 autem
1708 858 1773 914 alibi
1787 874 1855 928 ope·

198 952 283 1010 osculi
298 951 401 1024 integra
416 947 473 1025 (eli
495 964 575 1021 quein
592 948 706 1006 Domino
720 948 839 1008 olllciuin
855 950 998 1012 iacientem
1049 959 1183 1017 rationem
1198 958 1240 1034 (l)
1266 969 1338 1015 tuam
1358 955 1527 1015 abscondere
1547 966 1634 1027 potes,
1648 953 1734 1012 debes
1756 953 1855 1011 moini·
1897 937 1900 946 ’

198 1043 309 1118 impedit
324 1043 396 1116 pari
410 1043 489 1115 quale
507 1041 669 1100 sacrillcium
683 1051 737 1113 est,
752 1059 766 1099 a
785 1059 839 1116 quo
852 1045 911 1104 sine
931 1063 997 1121 paoc
1049 1051 1123 1108 uisse
1134 1049 1173 1124 (g)
1185 1050 1311 1123 precepti
1325 1068 1333 1104 a
1347 1049 1383 1107 ita
1396 1058 1424 1107 et
1438 1048 1588 1121 disciplinae
1612 1047 1687 1115 ioris,
1699 1055 1727 1103 et
1736 1062 1854 1104 consuo·

197 1137 332 1196 Νῦιιῐίῑϋῐ
341 1137 383 1210 (d)
393 1137 405 1192 ῗ
417 1136 600 1209 qneeiinqne
616 1136 652 1209 (θ)
664 1138 786 1209 operatio
806 1137 849 1214 (l)
868 1141 921 1212 sit,
943 1158 997 1202 non
1049 1145 1135 1203 tudini
1147 1145 1221 1203 domi
1240 1142 1401 1201 satisfacies.
1415 1142 1460 1201 Sic
1470 1152 1499 1200 ct
1513 1141 1695 1223 dirigentes,
1709 1156 1763 1214 qiio
1776 1154 1853 1196 cniii-
1890 1135 1954 1198 iias
1965 1129 1984 1188 s.
1993 1159 2008 1186 a

198 1231 250 1290 erit
265 1230 354 1305 potior
374 1230 502 1304 precepti
513 1230 711 1302 obseruatione,
724 1247 778 1304 quo
787 1233 915 1305 iubemur
923 1235 997 1308 jejn·
1049 1241 1139 1296 munis
1161 1247 1190 1297 et
1203 1240 1281 1312 quasi
1307 1237 1413 1311 publica
1430 1239 1526 1313 jejunii
1544 1239 1639 1313 religio
1662 1248 1704 1296 est
1730 1237 1782 1312 (b),
1798 1253 1856 1294 me·

813 1348 1003 1412 bubulenus
1021 1352 1229 1413 tenuatus.

229 1462 258 1592 ll
282 1458 804 1590 Usiltd'iiiilbfflt'²l⁰⁸“”‘·
823 1464 896 1532 ‘⁶⁰¹²'
1093 1472 1121 1597 {l
1137 1468 1467 1599 iucunditat-

880 1633 1161 1697 COMMENTARIUS.

197 1750 220 1804 ri
238 1747 357 1804 naculum
377 1745 501 1802 orationis
518 1745 668 1828 appellator
690 1760 707 1801 a
731 1744 906 1814 Tertiiiliann,
922 1749 993 1833 quud
1046 1751 1090 1819 rit,
1105 1769 1158 1808 non
1172 1752 1312 1824 eritpctior
1331 1755 1505 1812 obseruatione
1516 1757 1638 1829 precepti
1648 1774 1658 1822 ‚·
1673 1757 1724 1813 boc
1747 1771 1853 1817 sensu:

197 1766 410 1890 cbrisiiannrnni
421 1832 526 1901 preces.
544 1824 573 1874 et
584 1832 674 1901 omnia
690 1815 746 1900 iere
760 1817 941 1903 'ecclesiastici
956 1822 995 1877 ri·
1049 1824 1197 1893 quamlibet
1220 1839 1314 1882 severa
1336 1835 1382 1882 aut
1402 1827 1521 1898 perlecti
1542 1829 1577 1884 sit
1587 1828 1694 1900 jejunii,
1708 1828 1750 1886 rel
1764 1829 1855 1900 c'ujus·

198 1902 242 1947 tus
263 1897 451 1955 sacramento,
474 1888 627 1972 huiuamodi
649 1901 723 1958 pacis
745 1903 838 1959 signo,
852 1890 935 1946 ueluti
957 1891 996 1949 sl·
1011 1906 1036 1968 Β
1050 1910 1166 1967 cumque
1188 1897 1368 1965 operationis,
1398 1913 1478 1969 quam
1505 1898 1556 1970 ipsi
1581 1900 1660 1956 nobis
1681 1901 1855 1970 imperaveri-

197 1961 260 2034 gilla
272 1961 388 2033 quodam
401 1958 575 2017 iratemttatis
587 1958 820 2016 concluderentur.
831 1961 866 2017 ill
878 1961 997 2020 iiiualue·
1050 1981 1122 2032 mus,
1137 1969 1289 2030 austeritas,
1313 1984 1366 2024 nou
1390 1971 1443 2025 erit
1465 1970 1706 2027 commendabilior
1727 1971 1855 2028 obserra‘·

197 2041 240 2090 rat
251 2032 320 2100 apud
336 2031 478 2088 nonnullos
492 2031 669 2110 consuetudo,
681 2043 713 2085 ac
726 2032 827 2101 opinio,
844 2041 900 2112 tum
915 2047 999 2091 oscit-
1051 2038 1124 2095 tinne
1134 2038 1262 2110 precepti
1276 2038 1423 2104 dominici,
1436 2052 1490 2107 qno
1500 2040 1628 2109 jubemur
1639 2041 1741 2113 jejunia
1759 2053 1853 2098 nostra

198 2104 253 2160 luni
278 2103 405 2187 iratribus
425 2112 485 2172 post
509 2101 659 2158 orationem
687 2101 909 2186 subtrabendnm.
936 2117 999 2163 curu
1050 2109 1149 2165 celare.
1173 2108 1276 2180 Nempe
1297 2115 1342 2182 qui
1363 2111 1399 2166 ob
1419 2110 1520 2183 jejunia
1550 2114 1652 2182 priuata
1676 2113 1768 2169 osculo
1781 2115 1855 2184 pacis

198 2176 249 2248 ipsi
261 2175 393 2245 jejunium
406 2173 514 2244 aliquod
525 2188 573 2230 suo
593 2180 690 2245 sponte
703 2188 735 2229 ac
755 2183 856 2246 privata
869 2175 999 2248 religiono
1050 2188 1111 2247 post
1125 2180 1288 2236 celebratam
1311 2197 1372 2238 eum
1408 2182 1533 2240 iratribus
1560 2185 1710 2241 orationem
1735 2183 1857 2242 abstine·

198 2246 386 2303 observabant.
400 2245 525 2302 Pluribus
536 2245 701 2316 argumentis
724 2259 827 2301 morem
840 2260 872 2303 ac
888 2258 999 2304 senten·
1050 2248 1125 2316 baut,
1146 2252 1154 2305 i
1174 2266 1203 2308 sa
1223 2252 1308 2308 osculi
1332 2253 1501 2310 abdicatione
1525 2255 1706 2325 praedicabant
1728 2270 1758 2311 se
1782 2256 1854 2326 jeju-

199 2317 263 2373 tiam
276 2317 381 2374 illorum
392 2315 527 2387 improbat
536 2314 726 2378 teuntttanns.
740 2316 886 2373 ostendens
897 2320 998 2376 oratio·
1050 2335 1127 2378 nare.
1142 2268 1276 2379 lssctcuus
1299 2323 1581 2396 igiturq'l'ertulliamis
1608 2326 1693 2383 osculi
1716 2326 1855 2382 abstineri·

199 2388 440 2445 nemsiuensciilo
458 2388 588 2470 integrant
604 2401 657 2470 nou
678 2387 842 2458 essezquin
865 2395 1000 2446 tancma·
1053 2392 1117 2447 tiam
1155 2396 1368 2464 superstitiosam
1402 2396 1584 2467 jejunantibus
1616 2412 1677 2454 esse
1713 2399 1853 2455 ostendit:

197 2461 765 2543 gisdecerepaocmurationicoiipiugere,
779 2460 937 2517 cumoratin
1052 2464 1180 2533 primum,
1207 2466 1278 2532 quod
1302 2467 1375 2523 nulla
1396 2469 1433 2525 sit
1456 2468 1605 2525 abstinendi
1628 2470 1718 2537 ratio;
1744 2469 1853 2537 deinde,

160 2603 166 2614 .
195 2530 327 2614 pejunium
351 2526 629 2610 coniciendalt'it'orud
656 2526 741 2583 {lcum
766 2530 890 2584 emendit.
920 2476 1001 2589 Aefilelrt
1051 2534 1124 2604 quud
1143 2538 1228 2593 osculi
1249 2538 1410 2594 reiutatinue
1421 2539 1522 2610 jejunia
1542 2557 1590 2596 aua
1614 2540 1855 2613 praebentque

197 2610 292 2668 citam,
306 2600 356 2657 ida
367 2607 503 2673 precepto
518 2597 624 2654 Domini
634 2596 793 2682 abliorrere.
808 2616 862 2726 iluu
873 2600 1001 2673 jubentur
1052 2605 1133 2661 celari
1149 2607 1220 2663 Deus
1232 2608 1328 2666 utiluil.
1344 2611 1443 2681 adjicit
1458 2630 1465 2667 τ
1482 2610 1536 2667 Sed
1550 2623 1575 2667 et
1587 2612 1610 2667 ai
1621 2628 1673 2684 qun
1683 2613 1750 2667 cotio
1762 2622 1809 2675 eat,
1823 2629 1855 2667 uc

196 2671 298 2756 jejunia
323 2680 414 2755 nostra
434 2671 540 2737 celare;
554 2684 642 2740 neque
660 2682 725 2725 uero
746 2686 764 2724 ii
785 2685 817 2728 ce
828 2672 919 2755 about.
932 2688 1001 2745 quos
1052 2684 1138 2733 tannen
1160 2679 1220 2734 baie
1237 2693 1364 2752 precepto
1381 2699 1439 2737 rens
1455 2683 1638 2744 statuminum
1657 2692 1792 2752 praecepto
1806 2698 1854 2737 ce·

199 2743 302 2800 idcirco
315 2743 451 2799 abstinere
473 2742 509 2796 ab
522 2741 617 2798 osculo
636 2740 792 2812 apparebat,
812 2742 883 2814 quod
894 2745 1002 2817 jejuna·
1053 2747 1126 2803 laudi
1139 2749 1246 2834 iejuuii,
1261 2764 1333 2823 poter
1344 2753 1423 2818 denti,
1434 2754 1456 2808 si
1466 2754 1542 2821 farte,
1557 2755 1623 2807 inter
1634 2769 1698 2823 quos
1719 2752 1797 2808 intere
1814 2755 1853 2814 ic·

199 2825 271 2872 retal.
284 2813 391 2870 Moriar.
652 2884 658 2896 ὓ
1049 2819 1155 2890 junium
1165 2839 1191 2877 tn
1201 2831 1281 2878 totuin
1295 2839 1347 2878 non
1357 2823 1444 2889 datur,
1460 2822 1564 2891 differre
1579 2840 1679 2895 poceiu.
1695 2822 1778 2878 Tanta
1804 2823 1854 2882 sitit

238 2883 276 2959 (a)
290 2885 366 2952 Quod
374 2883 577 2959 eatngnociiiiim
590 2881 1001 2945 orationisldesiconttmiatin.
1054 2889 1179 2946 Patribus
1201 2895 1321 2950 caritatis
1345 2909 1420 2960 cura,
1443 2903 1472 2949 ut
1494 2895 1638 2966 plerosque
1664 2894 1731 2949 ritus
1750 2893 1854 2950 ratiuiie

201 2955 233 3014 G.
252 2958 396 3015 uineiini.
584 3028 590 3040 ¹
1054 2975 1109 3015 uoti
1120 2961 1189 3017 bona
1202 2973 1325 3034 receptos
1341 2966 1487 3021 tolerarent
1501 2966 1681 3035 potiusquam
1697 2963 1780 3036 rigido
1794 2979 1855 3019 ceu·

237 3029 278 3105 (b)
308 3028 346 3085 De
368 3046 416 3106 augi
435 3044 497 3099 pure
515 3027 590 3098 frutra
614 3028 771 3098 transigere?
784 3028 882 3097 optent
900 3027 934 3086 de
954 3045 1002 3087 sua
1053 3043 1117 3085 sura
1131 3033 1174 3088 trel
1189 3035 1326 3090 mininiain
1348 3036 1471 3092 scissuris
1489 3038 1658 3093 occasionem
1682 3034 1852 3103 praeberent:

199 3115 267 3172 pace
291 3099 366 3156 iratri
388 3100 547 3171 transigere,
563 3100 587 3155 id
602 3108 654 3164 est,
673 3114 735 3155 cum
753 3098 835 3155 iratrc
848 3104 1002 3157 communi·
1054 3099 1114 3157 baec
1125 3112 1183 3158 erat
1206 3104 1252 3160 illo
1265 3121 1323 3161 aeuo
1336 3106 1548 3163 Christianorum
1564 3113 1748 3175 miserescere.
1762 3105 1855 3178 ltaque

200 3175 280 3230 carel
291 3171 324 3229 G.
339 3172 532 3229 barcinon-
546 3170 586 3226 De
596 3188 648 3248 ⁷ruri
672 3187 735 3242 poce
744 3171 831 3241 tratri
845 3173 1004 3244 transigeret
1054 3170 1132 3245 ungu
1143 3172 1325 3232 Tertullianus
1338 3179 1429 3242 ritum,
1443 3192 1522 3249 quem
1537 3194 1617 3248 snpra
1631 3178 1777 3234 tollendum
1791 3193 1854 3234 esse

202 3243 259 3301 lloc
268 3253 329 3300 est:
346 3254 374 3299 ιιι
386 3241 485 3299 iratres
496 3257 557 3300 oum
573 3241 701 3299 iratribus
709 3241 891 3312 jejunantibus
903 3257 1037 3331 conve-C
1053 3242 1157 3311 docuit,
1173 3260 1252 3317 posse
1266 3248 1355 3317 aliqua
1377 3249 1481 3304 ratione
1503 3248 1631 3306 defendi:
1648 3250 1729 3304 simul
1747 3257 1776 3305 et
1796 3264 1854 3304 iiio-

201 3316 270 3382 nire‚
282 3316 403 3386 certique
419 3314 478 3370 lieri
492 3314 526 3371 de
540 3323 630 3369 mutua
643 3313 788 3370 concordia
802 3328 834 3369 no
855 3327 920 3384 pane
939 3328 1002 3386 pns-
1053 3313 1118 3370 duni
1134 3318 1284 3386 praescribit
1302 3321 1369 3374 riuis
1381 3320 1516 3385 servandi,
1531 3322 1607 3377 salio
1627 3320 1731 3376 bomini
1754 3334 1854 3390 praete·

201 3387 264 3442 siut.
276 3386 404 3443 Osculum
427 3386 499 3442 enirn
519 3385 604 3456 pacis,
622 3394 651 3440 ut
669 3399 730 3440 cum
745 3384 833 3454 legin
848 3385 942 3455 peritis
963 3387 1003 3443 lo·
1053 3396 1110 3456 pto,
1126 3404 1222 3459 nempe
1235 3398 1264 3444 ut
1275 3389 1558 3459 Jejiiiiautlbusliceat,
1575 3392 1664 3447 bibita
1683 3406 1745 3447 ciim
1760 3389 1852 3446 donin·

200 3472 276 3528 quar,
293 3467 421 3542 tanquam
446 3457 592 3513 transactio
612 3466 640 3512 et
659 3457 883 3522 conreutioernt‚
902 3471 953 3581 qua
967 3459 1002 3513 ab
1052 3458 1130 3514 inticis
1139 3468 1165 3515 et
1180 3459 1353 3516 l'aniiliaribus
1363 3463 1494 3527 oratione,
1513 3462 1607 3518 osculo
1622 3462 1853 3530 pacisabstiuere.

201 3529 324 3585 omuibus
336 3529 517 3586 simultatibus
530 3537 610 3598 atque
625 3527 694 3583 odiis
704 3541 735 3583 se
746 3525 892 3583 recessisse
916 3537 1002 3586 ratres
1053 3526 1100 3585 Sic
1111 3532 1182 3585 enirn
1195 3531 1317 3598 quamuis
1331 3533 1365 3586 uli
1375 3532 1470 3604 jejunii
1486 3534 1643 3605 religionem
1665 3534 1758 3588 osculo
1771 3534 1855 3588 obsti·

201 3597 568 3656 testabinini.tlnnir.-iii
580 3599 630 3670 i'ptt'
643 3600 676 3654 de
684 3607 772 3653 inostro
783 3600 930 3667 operatione
942 3616 1003 3670 pur·
1054 3609 1145 3662 ticaut.
1160 3601 1217 3657 iore
1231 3610 1258 3656 ul
1268 3603 1399 3674 jejunium
1415 3615 1504 3661 tamen
1515 3606 1625 3660 uiiiiiute
1640 3602 1853 3674 praenitentes

201 3672 300 3743 tiripca,
308 3673 367 3745 jam
386 3672 497 3728 audeaut
511 3670 543 3725 tie
558 3686 605 3725 iiio
624 3685 686 3741 poce
698 3670 771 3741 fratri
787 3671 935 3741 transigere.
951 3671 1003 3728 Le·
1053 3673 1177 3728 conscios
1198 3672 1313 3729 babeant
1333 3676 1431 3739 nullus,
1447 3677 1498 3731 nisi
1522 3689 1590 3746 quus
1601 3675 1749 3731 domestica
1770 3675 1855 3731 latere

201 3743 319 3800 ctionem
346 3744 423 3799 istam
445 3757 479 3800 ea
501 3740 593 3799 Ursini
617 3743 685 3797 libro
704 3740 880 3805 restituimus.
899 3742 1001 3799 cumin
1055 3758 1109 3798 onii
1139 3753 1261 3814 possunt.
1280 3745 1557 3802 iixcusatinnisistins
1579 3746 1698 3802 colorem
1712 3745 1856 3802 ctinsirmat

201 3814 307 3884 vulgatu
329 3828 425 3871 sensus
445 3829 499 3869 non
513 3821 586 3869 esset
606 3814 673 3869 satis
685 3810 854 3868 commodus.
870 3811 906 3867 tlt
921 3828 1000 3883 repc-
1054 3815 1179 3885 exemplo
1190 3815 1295 3886 ieiunii,
1314 3818 1386 3887 quud
1405 3819 1449 3874 die
1468 3818 1588 3883 Pnsetiie,
1602 3820 1642 3874 sic
1660 3818 1793 3886 passionis
1807 3817 1855 3872 do·

202 3886 281 3941 tenda
296 3895 359 3941 sunt
372 3901 404 3942 ea
426 3885 461 3941 de
478 3884 663 3954 superioribus
677 3902 684 3938 ι
699 3882 859 3939 Christianae
882 3885 1003 3941 caritatis
1054 3886 1159 3940 minice
1170 3885 1241 3941 diem
1260 3899 1407 3958 nuncupat,
1420 3891 1573 3945 eommunis
1591 3900 1619 3944 et
1633 3888 1738 3959 publico
1759 3889 1854 3957 religio
1931 3905 1935 3914 ·

202 3954 336 4012 beneilcin
363 3958 430 4018 lieri.
448 3967 476 4011 ut
500 3956 534 4013 de
557 3954 704 4025 jejunantis
725 3954 882 4024 operatione
907 3954 1002 4012 iratres
1054 3957 1152 4011 sanxit.
1176 3956 1242 4012 Naiii
1266 3960 1421 4030 quintrionis,
1439 3960 1721 4044 recurrentegliequo
1735 3959 1856 4084 SSoiisus

201 4028 283 4082 ctiam
296 4043 349 4083 unii
360 4029 514 4099 jejunantes
530 4025 699 4097 partlcipent‚
712 4040 799 4096 eoque
817 4025 947 4083 beneitcio
959 4028 1001 4083 ui·
1053 4027 1158 4083 ablatus
1171 4037 1224 4093 est,
1239 4030 1367 4086 Ecclesiae
1383 4033 1530 4101 placuerat,
1547 4031 1682 4086 iidiiicitis
1695 4045 1727 4083 ac
1767 4029 1855 4085 nsolu-

202 4097 346 4167 iecti‚Jam
364 4100 480 4154 audeaut
504 4099 655 4169 transigere
675 4112 736 4155 cum
757 4096 907 4167 ieiunante,
922 4099 957 4153 ita
973 4108 1002 4155 ιιι
1055 4097 1135 4154 tionis
1154 4101 1359 4171 significatione.
1375 4104 1512 4159 osculandi
1532 4098 1753 4158 coiisuetndiueni
1772 4103 1855 4155 luter·

203 4183 251 4239 pro
265 4172 463 4226 communicato
473 4169 568 4241 jejunii
584 4171 681 4226 merito
691 4170 764 4238 pacis
778 4183 834 4224 snae
846 4171 1001 4226 cliristianie
1054 4169 1135 4236 initui,
1160 4173 1262 4243 alisque
1285 4175 1337 4229 iilla
1360 4185 1449 4230 tauien
1476 4171 1625 4229 occultandi
1649 4169 1743 4241 jejunii
1770 4185 1852 4238 nura;

200 4241 313 4308 gratiam
325 4253 414 4297 mutua
426 4240 585 4309 peusatiouc
599 4240 943 4313 communicentlurlgob.
954 4256 1002 4297 en·
1052 4253 1113 4295 cum
1127 4243 1280 4299 iiialiectato
1295 4246 1416 4315 quisquis
1436 4244 1461 4300 id
1486 4244 1621 4314 proderet,
1632 4241 1703 4314 quctl
1726 4257 1778 4299 uuo
1793 4257 1853 4299 cuni

202 4310 262 4368 dice
272 4313 388 4380 legitur:
406 4311 440 4369 Ut
453 4312 504 4381 ipri'
526 4313 558 4366 ilc
579 4321 668 4368 iioatrc
687 4312 837 4376 animatione
849 4312 1001 4379 participent
1052 4312 1178 4367 oiuiiilius
1192 4312 1342 4370 iaciendum
1357 4314 1478 4370 liaberet.
1493 4315 1609 4370 Ricina.

201 4398 278 4452 quum
290 4386 413 4439 auderent
433 4384 465 4437 de
485 4400 532 4439 auu
548 4399 612 4454 poce
628 4383 702 4455 [ratri
715 4382 904 4453 transigendas,
927 4383 1001 4439 tinllo
1089 4380 1129 4454 (e)
1146 4383 1317 4454 Quoecuniqtte
1330 4387 1397 4438 ratio
1419 4386 1462 4440 sit.
1476 4385 1649 4509 Quacumque
1670 4385 1775 4441 ratione
1796 4399 1854 4439 tato·

202 4469 293 4511 sensu,
308 4456 419 4513 lbiqiir.
1052 4455 1141 4507 rearis
1156 4455 1188 4508 ad
1208 4454 1420 4511 subtrahendum
1443 4454 1517 4511 iralri
1540 4471 1605 4511 oscu
1619 4472 1674 4520 um,
1690 4456 1741 4510 atla
1765 4457 1854 4526 potinr

238 4524 277 4604 (c)
292 4529 355 4594 Quie
376 4529 458 4584 orntio
478 4542 536 4581 cuni
557 4525 665 4581 ilinorno
683 4524 766 4579 suncti
787 4523 868 4579 osculi
882 4523 1002 4597 integro?
1053 4533 1099 4578 aut
1118 4525 1214 4582 iiielinr
1226 4528 1294 4582 ratio
1308 4526 1404 4582 suadet
1425 4536 1453 4582 ut
1471 4527 1612 4590 osculeris,
1625 4527 1686 4596 quia
1699 4525 1751 4582 line
1772 4526 1854 4583 niodo

201 4597 284 4666 Quasi
296 4600 399 4655 diceret
413 4616 420 4658 :
434 4599 520 4666 Quam
533 4597 619 4653 aliena
632 4597 668 4652 ab
679 4595 789 4651 lioniiue
800 4593 947 4652 christiano
959 4611 1041 4694 air-D
1055 4595 1216 4653 manifestas
1236 4608 1272 4659 te.
1296 4614 1350 4654 iton
1375 4599 1541 4666 osculando,
1555 4598 1696 4667 ieiunare:
1711 4606 1739 4653 et
1750 4597 1853 4668 iejuuia

202 4685 233 4725 ro
269 4672 323 4726 titia
344 4682 463 4726 nostram
486 4670 683 4738 operationem,
710 4665 762 4723 bne
785 4676 844 4733 est,
858 4666 1000 4738 jejunium,
1050 4664 1129 4737 jubet
1143 4668 1212 4724 linus
1224 4669 1305 4726 celari
1317 4713 1325 4736 ‚
1336 4669 1453 4726 blnttbaei
1468 4686 1526 4739 cap.
1544 4669 1572 4726 6.
1586 4670 1619 4726 tt.
1636 4670 1780 4725 l'iucmou.

202 4742 280 4796 urinis
305 4742 451 4810 babemus,
465 4751 492 4797 ct
514 4740 609 4796 iratres
622 4755 697 4795 sunm
717 4739 767 4793 sibi
787 4753 880 4810 pacem
901 4739 1001 4797 lialiere
1091 4736 1125 4810 (i)
1139 4738 1193 4794 Seii
1214 4750 1237 4794 et
1249 4743 1271 4796 ri
1283 4743 1410 4813 qucrntio
1429 4751 1475 4797 est.
1487 4743 1668 4810 Qiiatcuiiique
1680 4742 1715 4794 sit
1732 4739 1811 4804 ratio,
1825 4747 1854 4796 ut

200 4812 347 4882 jubemus?
364 4814 435 4885 quod
449 4813 570 4883 proxime
589 4812 622 4867 od
636 4810 744 4866 diuortii
766 4809 907 4865 immulant
923 4825 1000 4866 acce·
1050 4808 1204 4880 jejuniaiutes
1225 4829 1280 4869 uon
1305 4815 1470 4880 osculentur,
1489 4813 1567 4884 biijus
1591 4812 1658 4867 ritus
1682 4820 1710 4865 tii
1738 4826 1791 4864 tinu
1814 4812 1853 4867 sis

202 4883 252 4949 dit,
267 4884 321 4942 lles
344 4897 403 4943 tuas
424 4885 472 4941 tibi
495 4884 602 4941 liabcto.
618 4883 735 4953 lileoque
757 4882 913 4938 subnectit:
937 4881 1002 4948 Qiioe
1053 4893 1214 4955 praeceptor,
1230 4900 1281 4941 neo
1303 4885 1442 4951 iiiueutor;
1463 4885 1510 4941 sed
1532 4883 1558 4940 id
1579 4883 1690 4940 nbseini
1709 4881 1792 4946 tinini,
1808 4882 1852 4938 ubi

202 4956 284 5013 mutio
293 4974 350 5012 cunii
360 4958 468 5012 diuortio
481 4956 561 5012 suncti
575 4955 656 5009 occuli
665 4954 783 5022 integra?
796 4953 877 5021 Quem
890 4951 1001 5009 Domitio
1053 4951 1194 5011 domestici
1210 4956 1298 5012 sciunt
1322 4967 1348 5013 te
1359 4956 1491 5028 jejunare,
1506 4967 1534 5013 et
1545 4958 1673 5013 intereos
1686 4952 1794 5010 differas
1806 4969 1853 5024 pa·

203 5028 314 5099 efficium
331 5029 466 5095 {ocientem
487 5026 592 5098 inipedit
608 5042 669 5095 pne.
683 5024 807 5082 Uilleium
826 5034 913 5094 uocat,
927 5026 1001 5097 quiid
1053 5039 1113 5080 cem
1131 5027 1157 5083 in
1178 5027 1250 5083 aliud
1264 5039 1386 5097 tenipus;
1407 5028 1455 5083 scil
1470 5027 1536 5084 loris
1550 5043 1645 5083 onmes
1666 5026 1805 5092 osculeris,
1818 5041 1878 5084 ιιι·

202 5113 284 5167 supra
308 5101 491 5169 operationem
514 5108 542 5155 et
560 5096 702 5169 ieiunium.
728 5096 823 5154 Paceni
850 5111 915 5153 reno
937 5097 1002 5153 dicit
1055 5103 1082 5151 te
1094 5097 1219 5153 eoiuodn
1231 5097 1352 5169 jejnnaie
1365 5097 1525 5169 intelligant.
1539 5098 1574 5155 G.
1586 5098 1732 5155 Peucinos..

203 5170 323 5226 osculum
337 5171 418 5242 pacis.
431 5170 544 5228 litetur.
1091 5167 1130 5241 (g)
1146 5168 1227 5223 Debes
1247 5168 1391 5224 meminisse
1403 5170 1531 5240 precepti.
1545 5169 1605 5237 Qun
1623 5170 1752 5241 jubemur
1763 5167 1853 5226 celare

241 5238 283 5316 (il)
299 5241 381 5308 Quale
391 5244 546 5312 termimum
567 5249 603 5297 est
625 5257 704 5313 nqiio
716 5241 772 5298 aine
788 5238 1003 5312 pncereccditur?
1049 5238 1193 5311 jejunium.
1207 5241 1240 5298 G.
1258 5242 1401 5298 Punctum.

202 5310 371 5371 Sacrificium
395 5314 438 5370 bic
461 5313 581 5384 intelligo
604 5316 752 5370 orationem
773 5327 835 5368 cum
857 5313 1001 5383 partieipa-
1088 5309 1130 5383 (li)
1155 5311 1200 5367 Sic
1215 5322 1239 5367 et
1258 5314 1300 5368 die
1334 5312 1454 5369 l’iirelioe.
1477 5310 1612 5383 'lenipore
1632 5312 1759 5380 Pasclim3
1778 5311 1853 5367 intel·

206 5386 279 5442 tione
291 5400 339 5440 cor
358 5387 413 5456 oris
426 5384 525 5442 Christi
540 5402 547 5438 a
563 5385 639 5452 cuius
661 5384 778 5441 clausula
794 5393 821 5439 et
834 5384 1000 5454 signaculum
1051 5381 1106 5452 ligo
1117 5384 1189 5438 enim
1207 5393 1321 5454 tempus.
1336 5383 1407 5454 quod
1423 5383 1550 5453 precedit
1561 5382 1674 5449 Pascite,
1690 5398 1743 5454 quc
1756 5398 1854 5441 omncs

204 5454 252 5513 init
274 5401 396 5514 oscoftim
420 5457 502 5526 pacis,
525 5455 646 5511 naculum
667 5464 798 5511 sanctum.
826 5453 954 5525 Sequitur
973 5456 999 5509 iii
1048 5454 1191 5525 jejiinaut:
1207 5457 1304 5510 merito
1323 5455 1395 5509 enini
1411 5464 1472 5510 tunc
1486 5456 1648 5519 osculamur.
1661 5457 1722 5523 iiiiia
1738 5469 1791 5510 nou
1805 5470 1853 5510 cu·

204 5526 318 5599 vulgatis
336 5528 508 5594 editionibus.
526 5525 696 5598 Quaecumque
713 5529 778 5580 ratio
791 5525 833 5579 rit.
848 5525 924 5593 Quod
936 5526 999 5583 icrri
1052 5539 1154 5588 ramus.
1169 5526 1240 5595 quod
1261 5524 1431 5595 depositione
1452 5526 1536 5582 osculi
1559 5527 1686 5593 prodatur
1706 5526 1851 5598 jejunium,

205 5613 285 5670 posse
304 5614 357 5654 nou
378 5598 566 5666 videliacum
580 5598 734 5668 paulopost
748 5597 999 5669 buotornepipetn·
1050 5610 1112 5653 cum
1132 5595 1198 5651 illud
1221 5611 1315 5652 omncs
1335 5596 1543 5664 observentur
1557 5596 1609 5653 linc
1628 5600 1753 5670 estquod
1773 5597 1851 5655 dicit.

203 5681 258 5742 pren
271 5670 377 5739 inierat,
389 5671 476 5728 Sedet
488 5669 511 5726 ai
524 5683 575 5740 qen
585 5669 650 5722 ratio
661 5676 708 5722 cit.
724 5664 753 5724 ln
764 5667 945 5724 uetustissimo
957 5685 1001 5725 eo·
1051 5668 1173 5723 Pinc-
1189 5668 1267 5724 sicet
1282 5667 1324 5723 ilie
1336 5667 1453 5723 Pascite.
1462 5669 1564 5724 Paselia
1577 5669 1621 5725 liic
1632 5683 1680 5739 pro
1692 5669 1736 5726 die
1746 5669 1852 5741 passio·

121 5796 125 5807 ,
205 5743 265 5797 dice
280 5740 387 5812 legitur,
417 5741 588 5810 Quocumque
612 5739 693 5795 orotio
707 5739 750 5800 rit.
766 5754 817 5794 nou
843 5738 891 5794 erit
916 5741 999 5810 potior
1050 5742 1103 5806 nis,
1119 5755 1167 5796 seu
1181 5747 1316 5808 postremo
1328 5740 1371 5795 die
1385 5741 1490 5796 seueris
1502 5739 1529 5794 iu
1540 5739 1754 5811 quadragesima,
1769 5756 1851 5811 quem

206 5813 325 5882 precepti
344 5813 531 5877 nbmnatinue.
546 5810 643 5871 menda
664 5810 844 5881 apertissima.
860 5809 937 5868 Unde
949 5824 999 5879 ap·
1050 5825 1157 5868 sacrum
1179 5812 1206 5866 in
1228 5827 1362 5880 parasceue
1381 5811 1560 5883 appellamus,
1572 5812 1756 5882 accipiendum
1777 5827 1848 5878 esse.

206 5891 301 5953 parem
321 5882 682 5961 tertuliannniperipiisse:
698 5880 868 5955 Quocunque
885 5884 999 5954 operum
1048 5882 1147 5957 jejunii
1161 5882 1258 5957 publici
1272 5893 1336 5944 ttuic
1349 5883 1453 5956 ¹seruati
1468 5881 1569 5944 incutio
1581 5885 1648 5945 satis
1661 5882 1788 5945 ostendit.
1804 5884 1850 5956 ip·
