4242 6259
168 294 1814 383 m

389 472 466 549 ΑΙ)
517 469 712 547 LIBROS
747 466 1160 548 succedaneos
1226 463 1527 554 APPENDIX,

458 617 740 734 unm
776 620 908 735 An
950 614 1466 738 emundat.

791 792 1201 848 *appo-...-

708 888 990 953 undamentum
1010 889 1064 953 ΕΤ
1084 885 1298 962 8ΥΝΟΡ518.’,

209 1020 248 1078 lle
259 1022 361 1091 apocha
383 1020 443 1078 libri
462 1021 497 1077 ad
510 1019 654 1092 Scapulam
666 1016 799 1075 dissident
811 1017 925 1081 eruditi,
939 1019 1011 1079 acti
1025 1016 1155 1090 qaudram
1178 1016 1318 1072 claristt'ani.
1343 1015 1438 1075 Postea
1456 1028 1557 1094 capuita
1571 1039 1656 1080 meare
1670 973 1733 1086 sua,
1753 1015 1821 1088 quod

174 1103 246 1148 anan
260 1092 332 1160 2⁰3,
354 1090 563 1160 aTcrtulliano,
590 1090 693 1148 editum
721 1088 804 1146 luisse
838 1088 972 1145 Pamelius

173 1170 200 1216 et
225 1162 355 1222 Batonius
388 1163 574 1230 tradiderunt3
605 1162 651 1217 alii
681 1175 747 1218 vero
774 1159 825 1216 sub
843 1158 969 1231 llelioga-

171 1231 235 1291 italo
255 1237 435 1363 imperatore,
450 1235 596 1291 arnobii.
614 1232 798 1289 verosimilius
809 1241 897 1288 tamen
918 1234 970 1287 lroe

171 1302 286 1363 interme
306 1308 333 1363 io
347 1316 479 1377 tempure,
490 1317 518 1362 et
529 1308 600 1361 circa
614 1319 714 1360 anuum
726 1303 792 1371 ete,
803 1304 829 1359 id
842 1303 971 1359 accidisse

170 1375 294 1443 ridetur,
312 1392 374 1433 cum
389 1377 493 1434 scilieet
505 1386 564 1449 post
579 1376 664 1448 patris
684 1375 786 1431 obitum
800 1375 874 1432 solus
887 1377 972 1445 impe·

170 1456 244 1502 taret
262 1448 399 1506 Caracalla
413 1464 421 1504 z
435 1464 520 1521 quare
534 1448 614 1504 anias
632 1456 734 1502 tantum
756 1446 925 1515 imperatoris
938 1461 972 1502 eo

170 1517 199 1574 in
213 1517 284 1576 libro
297 1521 422 1577 meminit
436 1539 443 1575 ε
459 1518 573 1576 Colimus
586 1533 647 1590 erpo
659 1518 838 1589 imperatorem
851 1519 898 1584 sic,
908 1533 972 1588 qvo·

171 1592 285 1646 modoet
300 1593 370 1649 aava
379 1593 454 1656 licet,
469 1602 493 1646 ct
510 1591 516 1603 '
534 1589 688 1660 siespcdit,
702 1599 730 1644 ut
745 1589 901 1644 domnanae
916 1587 972 1644 lieo

170 1662 312 1717 secundum
320 1672 366 1726 :et
381 1663 496 1718 iterum:
526 1671 601 1731 taque
611 1670 635 1715 et
647 1661 821 1730 tacueramus
834 1658 973 1727 prasalute

171 1732 350 1803 imperatorin
362 1736 406 1789 scd
419 1732 473 1788 Deo
486 1742 583 1798 nestro,
598 1741 623 1788 et
634 1732 725 1801 ipsius.
740 1731 804 1787 Post
816 1731 971 1787 diuturnam

1024 1089 1154 1143 tormentis
1166 1089 1311 1159 quartana
1320 1092 1449 1159 propame
1460 1110 1506 1149 suo
1517 1098 1632 1152 cecidere
1640 1094 1748 1167 iecisset.
1760 1104 1823 1157 utut

1024 1160 1178 1215 clrriuianus
1189 1158 1304 1215 decessit.
1313 1160 1430 1217 Caecilius
1438 1162 1545 1235 Capella
1556 1169 1583 1223 in
1592 1168 1637 1222 iile
1645 1166 1713 1221 evita
1722 1160 1822 1230 Bucari-

1023 1233 1095 1299 tina,
1111 1231 1271 1292 cbristicnos,
1284 1233 1401 1301 pendete,
1413 1236 1573 1294 acclautcvit.
1586 1239 1640 1295 Sed
1650 1246 1673 1290 et
1686 1234 1728 1303 qni
1739 1232 1823 1287 viden-

1023 1312 1066 1357 tur
1079 1303 1127 1359 sibi
1139 1304 1243 1373 impunc
1255 1305 1359 1370 tulisse,
1372 1306 1471 1361 venierat
1483 1309 1510 1363 in
1523 1311 1590 1366 diem
1605 1308 1684 1365 divini
1695 1303 1799 1378 iudicii.

1059 1373 1207 1432 Presidum
1221 1375 1313 1438 etiaur,
1327 1375 1372 1445 qui
1385 1377 1411 1431 iu
1421 1376 1589 1438 Clrristiauos
1599 1379 1822 1445 mitiusegetunt,

1022 1445 1145 1517 exempla
1163 1445 1256 1500 addit:
1271 1446 1366 1512 Quanti
1388 1457 1470 1503 autem
1495 1451 1639 1514 Praesides,
1661 1460 1684 1505 et
1704 1456 1823 1502 calcstan-

1023 1519 1110 1582 tiores,
1119 1527 1144 1571 ct
1151 1516 1305 1572 crudeliores
1311 1518 1532 1578 dissimulaverunt
1546 1525 1577 1579 ab
1588 1520 1735 1596 eujusmodi
1746 1532 1823 1571 taus-

1022 1589 1084 1645 sis?
1106 1587 1141 1645 Ut
1161 1586 1264 1645 Cincius
1283 1589 1402 1653 Severus,
1417 1592 1460 1661 qui
1473 1592 1570 1651 Tiristri
1585 1597 1639 1666 ipse
1657 1593 1726 1647 dedit
1738 1603 1822 1644 rente·

1023 1661 1105 1729 diram,
1121 1660 1248 1728 quomado
1265 1662 1444 1732 responderem
1456 1666 1600 1731 caristiam,
1615 1675 1643 1719 vt
1656 1661 1749 1718 dimitti
1764 1674 1823 1729 pos·

1022 1742 1089 1788 sent.
1110 1730 1144 1788 Ut
1163 1730 1321 1802 Vespronius
1338 1732 1483 1800 Candidus,
1500 1738 1544 1806 qui
1565 1738 1733 1792 cliristiauurn
1750 1729 1824 1799 qnasi

171 1817 239 1858 vcro
258 1806 564 1875 persecutionemque
583 1806 634 1859 sub
653 1803 745 1858 Seueri
759 1802 872 1872 imperio
884 1804 971 1858 conti-

171 1874 227 1944 git,
241 1873 300 1931 hae
313 1875 506 1932 Tertullianum
523 1874 664 1946 scripsisse
684 1872 749 1930 iude
761 1882 883 1937 constat,
898 1873 970 1943 quod

172 1945 291 2017 quinque
313 1947 488 2017 proconsules
509 1954 652 2014 numeret,
671 1959 687 2000 a
709 1945 807 2017 quibus
830 1946 970 2002 christiani

173 2019 262 2073 vexati
275 2017 391 2085 inerant,
406 2018 505 2089 quique
515 2032 576 2073 oum
591 2017 617 2072 in
628 2017 717 2072 uarias
731 2015 888 2073 incidissem
899 2016 971 2072 cala·

173 2086 297 2155 miutes,
311 2088 407 2145 trorum
418 2087 543 2159 exemplo
556 2087 719 2158 Scapulam,
734 2094 764 2141 ut
778 2087 829 2162 sibi
846 2099 971 2155 careret,

174 2157 319 2228 hortatum
330 2175 391 2216 cum
405 2160 668 2232 praecipueponcnu
678 2159 801 2230 quedam
810 2157 972 2228 Cartbagine

174 2229 233 2287 risa
260 2229 378 2295 luerint,
400 2231 490 2288 statim
514 2245 546 2287 ac
569 2230 641 2287 idem
667 2230 781 2301 Scapula
807 2230 972 2301 prouinciam

174 2298 331 2373 ingressus,
347 2302 483 2359 Manilium
507 2300 709 2359 Adrumeticum
732 2300 908 2357 christianum
923 2301 973 2358 bo·

1024 1805 1207 1859 tumultuosum
1219 1801 1314 1858 civibus
1336 1804 1390 1858 suis
1403 1805 1550 1878 satisfacere
1561 1809 1666 1863 dimisit.
1683 1804 1704 1861 tl
1709 1813 1717 1859 t
1730 1803 1821 1870 Asper,

1022 1878 1065 1946 qui
1078 1875 1177 1930 modice
1187 1883 1304 1929 umatum
1321 1874 1463 1943 bominem,
1478 1888 1502 1933 et
1520 1880 1607 1935 statim
1622 1879 1762 1950 dejectum.
1777 1885 1824 1926 ²²00

1022 1947 1179 2013 sacrificium
1195 1946 1432 2072 cenapolitJaccre,
1444 1958 1502 2004 ante
1515 1955 1645 2024 professus
1662 1950 1729 2003 inter
1740 1945 1823 2000 advo-

1022 2027 1093 2073 catos
1105 2028 1131 2072 et
1149 2032 1304 2082 assessores,
1337 2017 1404 2073 olere
1416 2035 1443 2073 se
1455 2019 1575 2078 incidisse
1586 2022 1613 2076 in
1627 2022 1692 2075 lianc
1706 2030 1822 2074 censent.

1023 2086 1129 2143 Pudens
1143 2089 1218 2143 etiem
1232 2090 1336 2143 urissum
1350 2089 1385 2143 ad
1398 2105 1425 2144 se
1439 2091 1616 2160 christianum,
1630 2093 1656 2147 iu
1667 2086 1749 2163 cloqia
1762 2101 1825 2142 con·

1023 2161 1140 2215 cassiane
1156 2161 1213 2230 ejus
1233 2160 1375 2228 intellecta,
1391 2161 1501 2228 dimisit,
1516 2166 1594 2220 scissa
1615 2163 1703 2219 eodem
1724 2158 1837 2230 cloqio,

1023 2230 1079 2287 sine
1090 2239 1238 2285 accusatore
1255 2247 1287 2285 ne
1304 2248 1351 2287 ans
1366 2247 1394 2289 sc
1410 2234 1558 2290 auditurum
1573 2236 1718 2300 bominem,
1730 2244 1823 2288 secun·

1024 2301 1087 2356 dum
1105 2301 1263 2357 mandatum.
1279 2248 1343 2357 liar
1358 2304 1445 2358 omnia
1464 2305 1523 2374 tibi,
1536 2309 1604 2362 etde
1617 2305 1705 2377 ostiam
1720 2297 1827 2375 suppers'

174 2377 278 2429 minem
291 2373 326 2429 ab
341 2372 442 2431 bestias
459 2372 655 2429 damnauerat:
674 2371 731 2429 Tibi
745 2388 843 2444 quoquc
856 2382 973 2442 optamus
1026 2385 1150 2443 possunt,
1170 2381 1195 2427 et
1211 2374 1242 2427 ab
1263 2374 1358 2429 eisdem
1378 2374 1528 2443 advocatis,
1543 2378 1587 2449 qui
1601 2385 1625 2432 et
1638 2377 1687 2449 ipsi
1702 2370 1825 2441 beneticia

161 2443 374 2500 ‚admonitionem
394 2444 477 2500 satan
501 2445 596 2518 itane,
610 2444 678 2516 quad
700 2459 759 2499 cum
781 2442 974 2499 Adrumeticum
987 2439 1012 2501 B
1026 2444 1119 2500 navam
1140 2443 1356 2507 christianorum.
1376 2445 1435 2502 licet
1450 2448 1611 2513 acclament,
1633 2463 1689 2518 que
1714 2447 1826 2509 valrrutg

175 2512 313 2571 Manilium
325 2517 359 2572 ad
371 2515 464 2573 bestias
474 2516 637 2586 damnasses,
652 2524 676 2572 et
692 2514 779 2572 statim
800 2514 854 2569 dec
875 2517 975 2572 amatio
1027 2531 1088 2570 nont
1101 2525 1124 2570 et
1136 2514 1269 2586 cujusdam
1281 2516 1408 2583 notamus,
1421 2533 1480 2574 cum
1493 2536 1510 2574 a
1522 2522 1638 2575 demone
1650 2518 1826 2591 precipitare·

176 2584 313 2643 rucuma
324 2596 373 2645 est.
1026 2594 1078 2653 tur,
1091 2586 1210 2642 liberatus
1223 2598 1277 2649 est:
1290 2597 1314 2642 et
1328 2590 1494 2660 quoruradam
1510 2592 1685 2662 propinquus,
1695 2597 1718 2644 et
1731 2599 1827 2660 pueru-

212 2657 342 2726 Quemm
354 2668 446 2718 antem
459 2658 539 2716 luerit
551 2657 596 2715 illa
611 2657 735 2728 rexatiu,
749 2657 791 2714 tris
803 2657 894 2716 verbis
913 2671 975 2715 nar·
1027 2658 1087 2724 lus,
1103 2670 1126 2713 er
1148 2659 1236 2727 quami
1258 2657 1356 2712 trauecti
1382 2661 1450 2732 virt(
1466 2663 1498 2716 tte
1517 2662 1664 2734 arrlqambus
1684 2661 1751 2715 eninr
1773 2670 1825 2709 tran

176 2736 238 2785 sat:
253 2727 379 2786 Coetmum
392 2741 415 2787 et
426 2731 506 2786 imbre
519 2732 581 2786 anni
595 2730 725 2801 proetmiti,
739 2730 801 2803 quid
820 2745 976 2784 commerue-
1027 2728 1155 2800 dicimus)
1169 2739 1214 2785 ttttt
1228 2745 1244 2781 a
1261 2731 1468 2797 carrariis,-avt
1487 2733 1673 2788 valetudinibus
1694 2726 1826 2786 rentcdiati

176 2801 212 2854 rit
224 2818 304 2873 penus
317 2803 457 2857 numanum
470 2802 601 2874 apparuit,
621 2801 805 2873 cataclysmum
826 2802 936 2868 scilicet,
950 2810 976 2856 et
1025 2802 1099 2856 sunt!
1111 2802 1178 2856 Tum
1192 2799 1284 2857 Severi
1298 2800 1380 2856 relect
1393 2803 1565 2873 imperatoris
1577 2803 1740 2875 enentplum,
1751 2797 1795 2868 uui
1811 2812 1825 2871 a

176 2880 244 2927 retro
259 2874 337 2943 {uisse
349 2885 454 2946 propter
472 2873 677 2939 incredulitates,
689 2885 713 2927 et
727 2872 875 2946 iniquitates
888 2871 973 2926 danti·
1025 2870 1173 2928 christiano
1196 2872 1322 2940 bomine,
1337 2872 1398 2928 oleo
1419 2875 1561 2939 intractus,
1580 2886 1688 2931 curatus
1715 2873 1802 2928 luerat
1817 2880 1825 2921 t

176 2958 238 2997 num
249 2961 259 3010 ;
272 2954 296 2999 et
309 2946 391 3017 ipnes,
410 2946 453 3017 qtti
467 2946 546 3015 s'upra
564 2944 657 2999 ntoenia
676 2944 835 3013 Cartlraqinis
860 2945 975 3013 procurre
1026 2940 1041 2995 l
1044 2959 1088 3010 pse
1101 2945 1177 2998 ctiam
1192 2942 1311 3003 Seuerus,
1326 2954 1398 3013 pater
1407 2947 1538 3012 Antonini,
1556 2945 1758 3002 donatianorum
1774 2956 1826 2994 rttt·

176 3017 351 3086 pependerunt
372 3033 417 3087 per
436 3027 545 3079 noctem,
558 3016 619 3084 quid
633 3016 723 3070 minati
741 3017 803 3080 sint,
818 3015 911 3079 sciunt,
931 3015 976 3083 qui
1025 3029 1082 3068 mot
1095 3015 1163 3083 luit:
1178 3031 1237 3067 nam
1250 3023 1274 3069 et
1288 3012 1428 3070 Proculum
1442 3018 1669 3089 clarissimumque
1680 3014 1826 3088 Toparcian

178 3087 316 3152 rideant:
331 3098 356 3143 et
378 3089 486 3158 pristine
501 3088 613 3141 tonitrua
631 3086 693 3159 qnid
708 3086 865 3150 sonaverint,
879 3086 974 3151 sciunt,
1026 3084 1269 3157 coquorninubntur,
1292 3083 1397 3141 Evadite
1418 3098 1623 3159 procuratorem,
1642 3090 1686 3159 qui
1707 3102 1764 3143 errru
1782 3098 1828 3154 per

176 3157 221 3226 qia
233 3157 417 3215 obduruerunt.
433 3158 527 3214 Omnia
541 3158 595 3212 dccc
604 3159 678 3230 siqua
690 3166 749 3211 sunt
762 3157 916 3211 imminentis
928 3158 976 3211 irtc
1026 3154 1111 3210 eleum
1125 3155 1264 3227 aliquando
1276 3168 1417 3225 curaverat,
1432 3160 1571 3227 requisivit,
1586 3170 1609 3215 et
1624 3161 1651 3214 in
1673 3159 1768 3229 palatio
1780 3168 1827 3207 suo

177 3225 247 3293 Dei,
264 3245 340 3297 quam
353 3246 453 3287 necesse
464 3239 514 3295 est,
525 3245 624 3301 quoquo
646 3229 721 3283 ruodo
748 3244 880 3298 persuetus
889 3270 897 3294 ,
907 3238 936 3281 ut
951 3237 976 3283 et
1027 3226 1116 3281 navim
1126 3243 1205 3298 usquc
1216 3227 1251 3282 ad
1260 3235 1366 3282 mortem
1376 3231 1441 3300 eins,
1456 3246 1529 3299 qttcm
1542 3241 1564 3285 ct
1577 3231 1721 3287 Antoninus
1733 3226 1827 3297 optiute

177 3302 366 3369 carnuntiemus,
377 3311 401 3357 et
412 3301 590 3373 predicemus,
605 3311 629 3355 et
648 3299 922 3369 deprecemurinterim
933 3299 974 3353 ia·
1027 3308 1143 3361 noverat,
1156 3300 1223 3353 lacte
1242 3299 1381 3353 clamatione
1400 3301 1532 3356 edrteatus.
1556 3302 1697 3374 Scapulam
1719 3297 1827 3355 tandem

177 3370 263 3423 celem
275 3387 326 3427 esse
335 3390 345 3439 ,·
355 3373 520 3428 universalem
532 3372 599 3427 enim
613 3383 636 3427 et
648 3387 793 3442 supremam
804 3386 851 3425 suo
865 3380 912 3424 tem
933 3386 976 3425 arc
1028 3370 1166 3438 admouet,
1183 3378 1236 3425 uta
1249 3368 1455 3427 christianorum
1470 3373 1663 3443 perquisitione
1677 3378 1778 3431 cesset,
1791 3379 1828 3421 ue

177 3444 306 3507 sentient,
321 3445 361 3509 qui
374 3445 491 3515 emrrrpla
504 3445 559 3510 cius
580 3442 655 3498 aliter
674 3444 882 3508 interpretantur.
904 3387 976 3496 iarn
1029 3450 1084 3496 tota
1112 3440 1245 3511 Carthago
1269 3441 1477 3499 oltristianorum
1506 3444 1636 3515 sanguine
1662 3444 1827 3518 impleatur:

178 3519 205 3565 et
218 3513 259 3566 sal
272 3513 315 3567 illc
326 3516 352 3568 in
365 3524 486 3570 conventu
501 3513 632 3582 Uticensi,
647 3514 757 3569 extincto
771 3511 845 3584 plene
863 3512 974 3578 lunrinc,
1031 3512 1100 3580 Quid
1122 3513 1178 3584 ipsa
1193 3512 1319 3584 Cartdaqo
1340 3528 1448 3582 passura
1468 3524 1505 3570 est
1524 3515 1705 3571 decimandae
1722 3524 1755 3577 tc,
1770 3523 1828 3565 curn

176 3582 245 3637 adeo
257 3594 399 3652 portentum
414 3590 473 3657 fvit,
488 3595 516 3640 ut
529 3602 580 3640 rron
591 3586 701 3656 potuerit
720 3601 752 3639 ee
766 3584 897 3640 ordinaria
910 3583 976 3638 dcli·
1029 3585 1199 3656 propinques,
1213 3599 1272 3638 cunt
1292 3585 1485 3641 contubernales
1505 3603 1564 3641 suas
1582 3587 1637 3642 illic
1654 3583 1829 3655 unusquisque

175 3655 239 3724 quia
251 3656 299 3709 ltac
311 3659 375 3727 pati,
391 3660 489 3729 positus
502 3658 528 3712 in
546 3674 593 3712 suo
617 3657 785 3729 lypsamate,
798 3665 823 3710 et
836 3655 975 3710 domicilio.
1029 3656 1189 3727 capneverit,
1204 3672 1262 3711 cnm
1275 3655 1366 3710 viderit
1379 3656 1436 3711 illic
1449 3659 1572 3727 sortasse,
1588 3669 1612 3713 ct
1626 3661 1664 3714 tni
1678 3656 1777 3713 ordinis
1791 3651 1829 3706 vi·

179 3724 287 3782 Habetis
298 3729 451 3801 astrolapes.
464 3729 566 3785 Deinde
576 3727 755 3798 utScapulam
771 3727 804 3783 ab
815 3724 977 3782 eliuudeudo
989 3750 1013 3815 C
1028 3743 1089 3790 ros,
1102 3738 1125 3781 ct
1138 3737 1285 3794 matronas,
1306 3738 1329 3781 et
1351 3729 1506 3799 principales
1522 3745 1635 3799 quasque
1648 3744 1785 3801 personas,
1805 3728 1831 3776 ct

177 3796 386 3857 christianorum
410 3802 539 3871 sanguiue
563 3797 802 3869 deterreret,quid
826 3798 897 3868 passi
923 3798 977 3852 sint
1029 3799 1293 3866 amicarumtnarum,
1310 3801 1531 3871 adpropinquas,
1556 3802 1596 3856 vel
1618 3797 1831 3857 arrrirartt’vrce

174 3868 222 3923 alii
245 3873 389 3940 presides,
415 3882 544 3929 enarrat:
564 3870 703 3926 datramm
727 3885 825 3924 neceme
846 3878 893 3933 est,
908 3869 977 3940 quad
1029 3867 1195 3940 Gartlrapini,
1211 3871 1233 3924 si
1245 3887 1295 3924 uon
1310 3870 1370 3925 tibi:
1385 3888 1461 3941 parcc
1483 3872 1636 3942 provincie,
1650 3888 1708 3942 quoe
1721 3872 1775 3925 uisa
1788 3866 1830 3920 in-

176 3939 253 3994 nstlc
266 3943 354 3998 civitas
368 3947 471 4014 impune
485 3943 570 3997 latura
582 3945 615 3997 sit
631 3942 762 4012 mnpuinis
780 3940 861 3995 nestri
873 3938 977 4008 crinsio-
1030 3944 1141 3996 tentione
1156 3951 1218 4005 tua,
1232 3941 1342 3995 alnaria
1355 3945 1424 4015 facta
1434 3951 1473 3998 est
1486 3945 1706 4010 concussionibus,
1721 3952 1744 3997 et
1758 3937 1843 3994 nrili··

176 4014 328 4075 nem‚sicut
353 4024 378 4070 et
402 4014 448 4070 sub
475 4013 613 4069 Hilariano
631 4012 765 4077 Procride,
785 4028 842 4066 cunt
860 4011 893 4066 de
910 4013 977 4067 areis
1030 4021 1102 4078 turrt,
1122 4021 1146 4066 et
1166 4013 1450 4068 inimicorumsnorum
1472 4016 1602 4085 cujrrsqve.
1625 4017 1689 4072 llaec
1712 4013 1829 4075 idcirco,

174 4084 369 4147 sepulturarum
386 4097 531 4141 nostrarum
550 4085 749 4139 acclamassent:
764 4083 838 4138 Arete
852 4083 974 4139 nonsiut.
1030 4083 1101 4153 quad
1129 4099 1191 4140 cum
1220 4083 1305 4139 scritel
1328 4083 1488 4140 innotuisset
1512 4085 1656 4143 Praesident
1675 4081 1831 4143 christianis
1905 4128 1916 4151 ,

175 4154 253 4208 Arete
268 4156 383 4224 ipsarum
400 4174 452 4212 nan
465 4160 578 4227 sanarat,
593 4173 686 4210 messes
696 4156 763 4208 enim
776 4170 836 4209 suas
849 4171 900 4208 non
917 4170 975 4226 epe·
1029 4154 1163 4210 iulcusum
1174 4168 1246 4222 esse,
1257 4155 1371 4225 gentiles
1383 4157 1518 4210 turruutim
1531 4160 1556 4211 in
1569 4172 1617 4213 eos
1629 4171 1728 4231 magno
1739 4154 1832 4211 iurare

174 4235 250 4282 rant.
264 4226 303 4283 Ac
317 4239 377 4297 post
391 4229 520 4284 nounulla
534 4228 597 4282 alibi
612 4228 696 4282 relata
710 4226 820 4281 subdit:
835 4224 977 4282 Possumus
1030 4225 1158 4296 impetum
1182 4225 1287 4290 iacere,
1309 4225 1441 4295 predari,
1462 4236 1544 4298 atque
1563 4242 1678 4285 enecare
1697 4226 1830 4285 solebant·

174 4310 252 4364 teque
271 4307 295 4351 et
310 4299 391 4353 esitus
410 4300 581 4368 quorunulam
602 4297 749 4353 Praecidam
774 4298 818 4351 tibi
840 4312 977 4367 erponem,
1030 4295 1384 4368 eaternnuaudexsuagat
1400 4295 1832 4365 persecutioneclrristianamltc-

174 4367 222 4436 qui
242 4368 270 4421 in
291 4368 344 4438 rinc
363 4371 423 4425 vitae
444 4386 498 4425 sue
519 4369 645 4425 recordati
668 4378 727 4423 sunt
749 4367 894 4439 deliquisse,
909 4367 979 4437 qued
1030 4366 1047 4421 li
1069 4368 1174 4433 ionem,
1189 4367 1237 4425 sed
1258 4368 1397 4436 propagari
1413 4368 1519 4437 potius,
1536 4367 1578 4424 tas
1591 4370 1681 4426 verbis
1694 4376 1830 4424 auriolos:

173 4454 310 4494 vacuent
324 4442 485 4497 cirriniauos.
501 4440 793 4513 VipclliusSatutninus
803 4479 811 4504 ,
821 4440 864 4510 qui
880 4440 979 4508 primus
1060 4455 1088 4492 cc
1098 4447 1182 4494 tamen
1195 4437 1295 4507 deficiet
1304 4438 1359 4492 laec
1370 4450 1448 4501 secta,
1458 4455 1534 4508 quam
1544 4450 1604 4495 tunc
1616 4442 1698 4512 maqis
1708 4435 1832 4505 attacus·

174 4511 224 4565 tric
238 4512 353 4579 pladiani
371 4514 398 4566 in
417 4531 463 4568 nos
480 4513 541 4584 cpit,
555 4513 651 4567 lunrina
663 4511 756 4565 amisit.
773 4509 897 4565 Claudius
912 4508 979 4562 ller·
1029 4510 1105 4576 scies,
1120 4525 1179 4564 cum
1197 4509 1261 4563 cedi
1273 4509 1381 4564 videtur.
1394 4509 1506 4581 Quisque
1519 4512 1586 4565 eninr
1605 4522 1705 4565 tantam
1717 4509 1831 4564 tatarar-

173 4581 309 4636 rrn‘nicnus
333 4585 360 4638 in
378 4583 559 4656 Cappadocia,
570 4599 628 4637 curn
646 4583 751 4652 indique
771 4581 855 4651 {mens
873 4596 979 4635 uxorem
1031 4583 1093 4635 tiam
1107 4592 1234 4651 spectans,
1254 4590 1282 4634 nt
1302 4581 1390 4652 aliquo
1401 4582 1522 4647 scrupulo
1542 4598 1685 4650 percussm,
1700 4590 1724 4636 et
1745 4575 1831 4645 inqui·

174 4668 256 4707 suam
270 4654 304 4707 ad
317 4653 383 4709 lvere
397 4666 490 4710 sectam
509 4654 654 4720 transiisse,
669 4654 823 4709 christianas
844 4652 979 4706 crudeliter
1031 4669 1087 4708 rere
1101 4654 1258 4714 attenditur,
1274 4652 1338 4723 quid
1359 4653 1392 4706 sit
1413 4652 1441 4705 in
1464 4668 1555 4706 cerussa
1567 4668 1576 4706 .·
1588 4662 1611 4708 et
1621 4653 1665 4707 ubi
1687 4647 1831 4724 aequaverit

174 4733 323 4790 mactasset,
337 4728 493 4795 solusqucin
505 4728 625 4798 pretoria
638 4740 686 4779 sno
700 4732 813 4778 vastatus
827 4732 906 4793 peste,
920 4739 978 4776 cum
1030 4726 1174 4789 veritatem,
1190 4732 1215 4779 et
1231 4723 1287 4796 ipre
1299 4724 1384 4778 statim
1402 4723 1523 4794 seqnitur.
1545 4722 1679 4781 Hactenus
1691 4719 1832 4780 Tertullia-

173 4793 252 4849 civas
273 4798 398 4854 veranius
420 4799 566 4855 ebullisset:
580 4796 663 4852 Nerua
682 4796 757 4864 sciat,
773 4794 865 4863 aicbat,
881 4810 912 4849 nc
933 4810 978 4866 spe
990 4780 1017 4841 D
1030 4811 1081 4853 nus
1097 4795 1130 4851 ud
1140 4794 1294 4866 Scapulam.
1308 4793 1396 4851 Luae.

429 4892 544 4951 Clll‘lll'
563 4892 708 4951 annuunt.
1032 4893 1172 4966 magisque
1192 4892 1311 4949 damnati
1331 4906 1410 4963 quiam
1432 4888 1549 4947 absoluti
1568 4890 1725 4961 gaudemus.
1739 4887 1832 4960 ltaque

216 4981 272 5040 Nos
307 4985 414 5059 quidem
445 5002 532 5060 neque
564 4985 784 5059 expavescimus,
811 5000 899 5059 neque
918 5001 979 5057 per·
1034 4985 1235 5044 lrunclilrellum
1250 4984 1392 5041 nuntiabis
1406 4984 1532 5040 timentes
1550 4983 1683 5049 misimus,
1696 4980 1743 5039 sed
1756 4980 1834 5035 uobis

173 5078 347 5135 timescimus
376 5095 424 5147 ea,
450 5095 511 5152 que
539 5080 573 5135 ab
603 5079 786 5151 ignorantibus
830 5080 946 5152 patimur
973 5098 980 5134 ι
1034 5088 1062 5135 ct
1084 5077 1209 5134 omnibus
1232 5076 1346 5135 inimicis
1367 5071 1833 5145 nostris,aedumamieis(l):itu

172 5184 245 5228 cum
266 5170 389 5229 adhaec
415 5182 536 5240 sectam,
562 5173 654 5245 utiquc
676 5180 800 5246 suscepta
828 5172 982 5230 conditione
1034 5172 1107 5229 enim
1117 5170 1256 5243 disciplina
1273 5170 1400 5241 iubemur
1411 5168 1524 5240 diliqerc
1536 5166 1659 5224 inimicas
1671 5179 1792 5238 quoquc,
1805 5170 1834 5221 et

174 5261 258 5334 ejus,
282 5265 353 5335 pacti
381 5266 547 5330 venerimus,
575 5275 604 5321 ut
631 5266 711 5328 etiam
743 5266 849 5322 arrimas
876 5274 982 5322 nostras
1035 5279 1178 5335 ararepro
1193 5262 1292 5335 eisqui
1307 5270 1591 5336 nosperscquuntur:
1606 5269 1635 5317 ut
1651 5257 1711 5316 lucei:
1723 5258 1760 5314 sit
1771 5272 1834 5328 per-

172 5357 313 5413 auctorati
337 5358 364 5415 in
390 5357 438 5415 lras
459 5374 562 5431 pugnas
582 5360 760 5429 accedamus,
775 5375 807 5418 aa
819 5374 880 5433 quar
911 5359 982 5416 Deus
1036 5357 1107 5413 lecta
1120 5366 1149 5412 et
1161 5357 1269 5427 propria
1283 5355 1391 5411 bonitas
1403 5362 1505 5419 nostra,
1520 5368 1573 5410 nou
1586 5352 1745 5409 communis.
1756 5350 1833 5407 dori·

173 5450 348 5519 repromittit
373 5453 501 5524 consequi
528 5460 661 5523 optantes,
677 5461 705 5510 et
731 5465 762 5508 eu
786 5466 847 5523 quac
868 5450 982 5508 diversas
1034 5464 1082 5506 cas
1102 5449 1174 5506 enim
1185 5447 1297 5519 diligere
1309 5447 1429 5504 omnium
1447 5456 1500 5515 cst,
1510 5445 1634 5503 inimicos
1653 5452 1743 5501 autem
1757 5443 1832 5501 solo·

173 5541 247 5597 vitm
267 5542 445 5599 comminatur
467 5545 521 5616 pati
544 5545 678 5603 timentes.
701 5544 820 5615 lienique
830 5558 890 5599 eum
907 5545 981 5599 otoni
1035 5561 1093 5602 rum
1115 5542 1335 5601 eluistiaaorum.
1367 5541 1417 5610 Qui
1438 5555 1503 5614 ergo
1523 5539 1646 5598 dolemus
1660 5538 1694 5595 de
1709 5538 1836 5609 ignoran-

173 5628 392 5723 sccritia'aastra
404 5648 607 5713 concertamus,
622 5639 703 5697 etiam
716 5639 788 5697 ultro
796 5645 981 5709 erumpentes,
1005 5666 1008 5671 ·
1035 5638 1070 5694 tia
1084 5645 1184 5701 vestra,
1200 5632 1509 5692 etmiscrcmurcrreris
1534 5630 1654 5699 humani,
1676 5638 1704 5688 et
1721 5627 1762 5701 li)
1791 5628 1835 5684 lu·

804 5728 993 5816 sanctonas
1011 5748 1223 5812 statuaras.

173 5878 181 5891 ·
219 5844 258 5911 ii)
273 5844 483 5905 linamenta.
1035 5883 1039 5890 .
1070 5844 1106 5910 lt)
1121 5840 1288 5910 Etobestniq.
