4242 6259
301 284 372 344 tunt
694 275 699 286 ’
843 272 878 332 ΙΝ
896 267 1130 342 statutarum
1149 265 1419 330 asotouttutctttt
1884 268 1959 332 1028

338 402 379 459 ad
393 400 452 456 laaec
471 411 536 455 sero
560 392 705 453 Cornelius
727 389 846 460 Tacitus,
877 390 921 446 ubi
947 390 982 448 de
1001 385 1146 451 luedcrcA
1460 397 1607 442 aartcunus
1624 397 1653 439 r.

303 499 374 556 inter
387 494 591 552 llbadamistuut
606 497 635 546 at
655 487 835 543 Mithridatem
849 505 854 540 :
866 486 924 542 bos
938 495 985 552 est,
1001 484 1100 555 inquit,
1154 477 1303 535 ostenditur
1316 478 1443 552 quoutodo
1456 477 1576 539 bumouis
1591 474 1711 536 cornibus
1724 483 1885 532 statuentur
1897 479 1958 552 pln-

302 590 413 663 regibas,
427 586 525 657 quoties
538 584 565 638 bt
579 583 723 639 societatem
738 589 838 647 coeunt,
847 578 1099 651 intplicorcdeetras‚
1195 570 1317 638 dictores,
1341 570 1456 644 scpttnoe,
1477 569 1637 642 Massagetae,
1656 578 1679 624 et
1699 561 1827 635 berbices,
1842 571 1885 646 otti
1896 588 1957 628 attt-

304 685 457 755 pollicesque
468 682 533 738 irater
545 696 572 736 se
584 679 688 747 uincire,
704 677 821 748 nodoque
834 676 1021 747 praesumptae.
1038 672 1103 728 llos
1187 675 1261 739 cepto
1282 666 1405 741 relipiotte
1426 664 1577 734 clamatione,
1601 661 1634 718 ob
1653 662 1692 720 luis
1713 663 1882 720 discesserunt
1895 665 1958 738 {eris

304 775 347 832 ubt'
362 775 465 847 sanguis
491 774 519 836 itt
541 781 613 827 ortus
639 780 765 826 extremos
783 785 809 824 se
829 766 958 835 effuderit,
976 766 1024 820 leri
1050 766 1103 822 t'cttt
1189 761 1312 820 moribus.

201 881 210 896 ’
304 882 422 924 eruorem
437 865 555 932 eliciunt,
570 863 763 935 otpoeinuiccut
779 858 902 914 latrabunt.
917 856 1102 928 ldtoedusor·
1190 857 1279 930 Pergit
1314 849 1517 923 Tertullianus,
1551 854 1715 930 planumque
1740 853 1867 913 ounuibus
1892 854 1956 912 lacit

305 979 399 1017 conant
413 961 530 1025 dabutur,
546 960 619 1030 pomi
638 967 725 1013 ntutuo
747 972 836 1011 cruore
861 963 989 1012 summota
1010 953 1102 1025 (Corn.
1154 952 1277 1012 etbulcos
1287 967 1344 1008 uon
1358 950 1447 1018 solunt
1461 948 1560 1008 bibisse
1574 948 1713 1005 bominum
1723 948 1893 1021 sangninem,
1906 949 1958 1006 sed

305 1052 389 1109 Tacit.
402 1052 447 1108 tit.
464 1051 511 1107 Xll
532 1051 627 1108 Aurini.
644 1060 699 1120 post
710 1049 801 1122 tried).
1154 1046 1264 1102 illorum
1286 1046 1369 1104 etiam
1388 1055 1481 1118 pastos
1493 1058 1555 1102 essc
1567 1044 1705 1101 carnibus.
1730 1043 1851 1101 Primum
1877 1045 1952 1101 enim

340 1145 410 1212 Quid
427 1144 520 1216 plural
549 1143 673 1199 Valerius
694 1142 825 1199 Maximus
849 1139 1104 1204 destruentem
1155 1139 1328 1212 gladiatores,
1344 1138 1496 1211 postbuita
1522 1138 1688 1210 spectacula,
1712 1138 1956 1213 demonaiuquit,

305 1237 421 1309 Tigrane
448 1236 561 1299 llinurc,
588 1236 634 1306 qui
655 1233 749 1290 relicto
773 1243 849 1304 patre
872 1247 940 1301 suo,
965 1231 999 1286 ad
1025 1230 1105 1287 Puru-
1155 1230 1369 1301 {annunciantis
1395 1240 1496 1286 cunum
1522 1229 1689 1303 (Tertullinn.
1704 1228 1834 1302 apologet.
1847 1246 1908 1302 cup.
1925 1230 1956 1287 9.

305 1332 396 1408 pcium
425 1329 549 1402 llaguunt
564 1370 572 1394 ,
588 1344 620 1383 ac
640 1327 738 1388 deiude
758 1327 791 1383 ab
820 1327 915 1384 codem
929 1325 1058 1396 Puutpcio
1070 1324 1104 1380 ad
1148 1339 1217 1398 pop
1231 1322 1307 1392 aas),
1322 1322 1350 1378 id
1370 1333 1422 1394 est,
1437 1332 1576 1380 coenantes
1588 1332 1733 1381 efficuntur
1744 1323 1867 1380 struibus
1882 1322 1958 1379 lera-

250 1415 254 1422 '
304 1436 408 1506 punirem
422 1437 500 1480 sunm
515 1420 661 1488 deiecerat,
687 1421 747 1476 buc
770 1422 886 1477 scribit:
904 1419 1035 1476 Sariaster
1058 1419 1107 1474 otl-
1157 1431 1228 1482 ruat,
1252 1430 1320 1488 quos
1341 1416 1422 1487 paulo
1440 1417 1544 1472 autciu
1564 1415 1638 1472 circo
1660 1414 1857 1482 irateriecaraut.
1871 1416 1957 1489 Atqui

306 1505 393 1576 aereus
421 1526 520 1592 putrent
539 1532 614 1571 suurn
643 1513 790 1587 Tipruneut,
812 1514 939 1568 Aruteuic’
959 1529 1054 1583 tepent,
1069 1514 1107 1570 ito
1158 1508 1221 1564 seraa
1242 1506 1295 1564 ilisa
1309 1507 1409 1566 crudas
1423 1509 1575 1579 bominum,
1595 1524 1611 1564 a
1629 1524 1661 1566 sc
1682 1510 1710 1565 itt
1735 1510 1829 1565 iisdem
1848 1519 1958 1580 speeta-

306 1626 364 1668 cuuu
378 1609 466 1664 nauticis
475 1608 603 1664 consensit
615 1648 623 1672 ,
637 1617 676 1689 (ut
700 1623 787 1661 otruues
810 1606 905 1660 dextris
918 1605 1033 1660 uentribus
1043 1621 1106 1660 tun·
1157 1601 1226 1657 culis
1241 1602 1447 1668 trucidatorum,
1461 1618 1558 1660 carutes
1579 1603 1704 1674 proxime
1722 1602 1876 1671 decoratas,
1890 1617 1960 1660 non·

305 1704 409 1778 puiuent
433 1703 569 1768 aurittereut,
588 1711 665 1769 utque
682 1717 738 1754 eum
758 1700 866 1754 irraletur
886 1700 1015 1756 sorberent
1029 1697 1104 1769 (l'ul.
1158 1692 1221 1749 tluutt
1237 1693 1359 1765 digerere
1374 1704 1526 1768 potuerant.
1539 1694 1581 1750 ab
1603 1693 1644 1750 bis
1660 1695 1749 1766 itaque
1763 1694 1960 1754 crudelissimis
2011 1693 2026 1718 ⁹

308 1793 383 1850 idun.
398 1792 443 1848 tit.
455 1793 501 1849 tlt.
517 1809 575 1860 cop.
593 1793 638 1848 ll.
653 1803 732 1848 ester.
748 1791 762 1864 i
776 1791 815 1866 ὅ).
1120 1788 1145 1849 Β
1158 1784 1350 1860 gladiatoribus
1373 1786 1489 1858 ipsorum
1511 1803 1639 1850 meorum,
1654 1788 1725 1843 sicut
1739 1789 1841 1843 Auctor
1864 1796 1960 1844 noster

346 1888 439 1959 Neque
453 1886 627 1944 humaniores
640 1886 755 1942 Romani
782 1886 817 1941 ab
853 1888 902 1941 bac
932 1884 1107 1946 barbaricis·
1160 1877 1287 1948 linquitur,
1303 1877 1371 1933 niuei
1385 1890 1551 1950 appeteretur,
1565 1881 1720 1935 cruditantes
1736 1881 1962 1937 adbuctleut'sce·

307 1981 400 2052 risquc
413 1979 534 2034 moribus
558 1979 637 2054 louge
660 1981 784 2035 aberant.
805 1978 910 2035 Etctuim
927 1980 1011 2033 suessio
1025 1979 1103 2048 qaid,
1158 1969 1228 2022 ribus
1252 1967 1490 2042 incunctantius).
1506 1970 1588 2030 Etita
1608 1971 1718 2042 quidem
1735 1971 1762 2027 iu
1775 1971 1885 2043 Rigaltii
1898 1970 1960 2027 edi·

312 2072 348 2126 ait
364 2070 556 2140 Tertullianus,
576 2082 600 2125 et
624 2072 670 2128 aab
691 2068 802 2132 Catilina
825 2070 877 2126 tale
898 2070 1058 2143 depasturum
1073 2079 1109 2128 est
1159 2061 1233 2117 libne
1248 2078 1254 2117 τ
1271 2060 1320 2118 sed
1344 2063 1371 2118 itt
1393 2063 1590 2132 anlittuioribus
1608 2079 1657 2135 pro
1677 2064 1760 2120 uerbo
1785 2063 1961 2132 auditarum,

273 2155 275 2160 ’
315 2162 479 2233 (teruntttnn.
498 2162 632 2235 apologet.
659 2179 718 2232 cop.
748 2162 775 2218 9.
798 2158 953 2236 puniat),
981 2160 1108 2234 nimirum
1160 2153 1273 2225 legimus
1300 2154 1509 2220 trucidantibua;
1529 2154 1962 2214 mendoseomuinoaintuantt·

308 2254 414 2326 quaudo
438 2267 531 2310 curura
560 2254 764 2325 Rempublicam
792 2254 957 2326 cprujurauit,
988 2264 1017 2309 ut
1043 2253 1109 2328 alibi
1160 2248 1346 2318 scriptorem
1364 2249 1465 2314 nostris
1477 2257 1505 2302 ct
1517 2247 1725 2304 aliiscodicibus
1739 2257 1895 2308 constanter
1909 2246 1960 2302 aa·

308 2345 473 2402 ostendimus
492 2344 640 2416 (Diarettat.
653 2346 680 2400 in
692 2344 788 2401 liinut.
811 2344 901 2400 Oetae.
915 2361 937 2399 c.
949 2344 978 2402 a.
991 2354 1040 2399 ort.
1054 2344 1070 2400 i
1085 2342 1107 2418 ).
1139 2353 1147 2365 “
1161 2337 1247 2406 betur,
1265 2339 1449 2395 stemmatibus
1462 2340 1545 2394 aditae
1562 2341 1594 2395 tie
1612 2340 1749 2396 circuitus
1762 2340 1891 2405 bautonis,
1903 2339 1962 2395 sire

345 2438 403 2494 llos
423 2454 504 2508 porro
524 2438 585 2504 ille,
603 2439 777 2493 buntauitatis
792 2437 871 2507 plane
889 2453 1003 2509 expers,
1026 2437 1109 2508 uigttit
1161 2431 1250 2486 adbuc
1264 2432 1366 2499 crudis,
1382 2432 1555 2506 nondumque
1575 2431 1602 2487 in
1628 2447 1763 2500 ursorum,
1778 2432 1824 2503 qui
1838 2447 1869 2488 ca
1882 2446 1962 2488 rora·

312 2546 365 2586 nou
383 2530 464 2588 modo
487 2531 514 2585 in
547 2527 686 2601 prolenis,
705 2529 754 2585 sed
774 2530 859 2585 sacris
873 2530 952 2584 ctiam
967 2527 1108 2598 gentilium
1160 2532 1265 2592 terant,
1289 2524 1349 2579 aluo
1374 2535 1402 2579 ct
1430 2534 1525 2580 uentre
1540 2524 1660 2596 digestis.
1673 2524 1769 2584 Utrum
1792 2534 1879 2581 autem
1899 2523 1962 2579 laec

310 2623 436 2689 coetibus,
458 2637 508 2677 nec
532 2630 633 2678 tautum
659 2621 686 2675 in
706 2622 818 2677 retractis
835 2637 850 2674 a
870 2619 1035 2678 Tertulliano
1048 2620 1110 2676 bat·-
1161 2633 1224 2672 treta
1236 2618 1273 2672 sit
1285 2617 1376 2683 lectio,
1397 2618 1458 2688 quis
1479 2626 1554 2675 certo
1573 2618 1632 2674 sinc
1656 2618 1827 2673 correctioris
1843 2615 1961 2686 alieuius

308 2716 381 2772 baris
392 2715 533 2804 gentibus,
554 2714 602 2770 sed
621 2715 648 2769 iu
674 2714 732 2784 ipsa
760 2728 867 2788 auoque
892 2713 996 2782 Africa,
1022 2729 1110 2790 curque
1160 2707 1262 2763 codicis
1288 2723 1340 2779 ope
1357 2707 1470 2764 delinire
1509 2707 1625 2764 audenti
1649 2709 1882 2780 usquecunque
1908 2709 1961 2773 sit,

308 2807 369 2880 ipso
385 2816 519 2879 ternpore,
534 2823 587 2878 quur
602 2806 674 2861 bunc
690 2805 896 2880 Apulogcticum
907 2806 1055 2878 scribebat.
1072 2806 1110 2870 De
1161 2801 1226 2860 sutis
1245 2807 1320 2871 patet
1344 2800 1540 2857 Tertullianum
1568 2800 1634 2856 nibil
1671 2800 1744 2857 aliud
1770 2802 1961 2871 siguuitioease,

308 2901 341 2956 iis
355 2900 504 2965 crtiuuucro,
515 2899 558 2969 nuti
570 2898 687 2953 belluina
699 2899 835 2972 nrgstcriis
847 2899 1029 2963 laniabantur,
1038 2897 1110 2956 huuc
1161 2895 1212 2952 taisi
1221 2909 1237 2949 a
1246 2894 1441 2965 gladiatoribus
1451 2896 1540 2967 appeti
1554 2911 1586 2952 ac
1601 2895 1693 2952 orandi
1715 2907 1810 2952 cantes
1820 2909 1970 2965 ursorum,

310 2993 430 3066 loquitur
443 2994 469 3048 iu
485 2971 618 3064 niodum:
631 2990 720 3060 ilerde
732 2979 788 3048 istic
800 2990 915 3064 Bellonae
928 3001 1040 3048 sacratos
1050 3008 1111 3047 sua-
1161 2989 1205 3059 qui
1220 2988 1302 3059 paolo
1316 2998 1379 3045 ante
1394 2989 1535 3045 bominum
1550 2991 1652 3046 viscera
1665 2998 1692 3046 et
1705 3003 1799 3044 carnes
1810 2988 1964 3044 deuorare-

309 3089 364 3160 puis
379 3087 410 3140 tte
421 3090 518 3160 [curuare
530 3085 655 3154 proscisso
678 3086 706 3139 in
727 3084 870 3156 polnuulunt
896 3095 1026 3154 exceptat,
1056 3085 1110 3142 esui
1161 3091 1233 3149 rant,
1248 3096 1278 3139 et
1290 3082 1391 3142 itlcirco
1406 3087 1434 3140 in
1449 3100 1544 3141 eorum
1558 3083 1696 3142 stomacho
1716 3092 1793 3139 eraut
1804 3081 1894 3139 adbuc
1913 3080 1963 3136 in·

309 3179 384 3252 dutus
397 3180 482 3249 siprtut
495 3177 663 3266 {Tertulliano
677 3176 765 3250 itia).
778 3180 813 3234 tt
827 3179 854 3234 itt
869 3178 994 3233 otttttibus
1007 3178 1110 3250 uostris
1124 3177 1147 3243 C
1164 3172 1279 3247 digesta.

310 3272 510 3344 excuuplaribus
530 3272 722 3344 manuscriptis
747 3286 796 3350 pro
822 3281 984 3326 ructatos...
997 3272 1052 3328 esui
1071 3271 1109 3328 le·
1198 3271 1234 3324 Δι
1246 3284 1346 3334 nonne,
1364 3270 1478 3342 inquies,
1495 3257 1776 3342 corrttptum‘quoque
1789 3269 1839 3325 'est
1860 3267 1963 3324 nomcit

309 3366 572 3438 nitriensibus...
589 3367 673 3422 slstti.
688 3364 742 3422 Sed
757 3363 950 3422 nullusborum
965 3363 1109 3422 uerborum
1162 3361 1238 3427 aluei,
1257 3376 1289 3418 ac
1312 3362 1485 3419 scribendum
1507 3364 1597 3434 potius
1611 3364 1673 3430 ulti,
1692 3363 1737 3434 qui
1760 3362 1882 3418 ciborum
1899 3367 1964 3417 sont

309 3474 416 3520 seusus.
435 3461 462 3516 lu
477 3459 640 3516 editionibus
655 3459 772 3530 ltigaltio
797 3460 1005 3526 uetustioribus,
1020 3475 1110 3515 sucro·
1162 3454 1343 3524 receptacula.
1363 3454 1423 3513 Nou
1442 3456 1560 3514 absurde
1577 3456 1699 3527 naiton,
1713 3455 1738 3514 si
1750 3454 1852 3513 dixeris
1866 3453 1963 3512 neuo-

309 3560 349 3626 ttts
354 3591 408 3608 .....
426 3562 449 3607 et
461 3552 515 3608 artis
529 3551 606 3607 dutus
626 3553 744 3624 ripuaria.
761 3552 814 3609 Sed
832 3554 877 3608 vix
890 3554 1031 3609 meliorem
1046 3552 1111 3612 iude
1162 3564 1220 3607 rem
1230 3559 1336 3624 paulam
1354 3565 1405 3622 prb
1424 3559 1481 3608 101⁰
1503 3567 1519 3607 a
1543 3550 1708 3610 Tertullinus]
1719 3550 1827 3622 ampi,
1841 3548 1965 3618 hauc‘lili

310 3658 419 3699 scnsum
437 3643 549 3699 cilicias.
566 3642 715 3716 Corruptus
731 3645 812 3716 igitur
827 3644 878 3702 luit
893 3646 936 3703 bic
949 3646 1110 3706 Tertulliani
1163 3642 1378 3702 eutettdutionem
1404 3643 1521 3717 quodam
1544 3644 1640 3702 saltata
1671 3643 1766 3700 codice
1795 3640 1963 3714 probareris.

310 3741 574 3806 lucus,ctadillum
594 3740 743 3798 antaradum
763 3740 872 3812 quidam
894 3755 944 3810 pro
963 3739 1112 3807 etesium
1162 3735 1221 3796 unu
1247 3737 1319 3793 enirn
1346 3750 1470 3796 umorum
1502 3737 1633 3794 duntaxat
1653 3735 1715 3804 otti,
1735 3735 1784 3792 sed
1810 3735 1868 3790 alita
1879 3733 1966 3790 etiam

317 3843 341 3889 et
354 3833 417 3899 stris,
430 3832 487 3889 sit-c
499 3833 563 3898 esni,
578 3831 628 3906 legi
642 3832 736 3889 ttolunt
750 3833 863 3896 lroustai.
875 3831 909 3888 Et
919 3830 1062 3904 idquidem
1076 3831 1112 3888 de
1151 3831 1271 3890 ,illorum
1295 3846 1391 3890 carnes
1414 3832 1521 3889 comedi
1553 3831 1704 3897 solebant,
1735 3825 1966 3901 quemadmodum

311 3926 440 3998 sanguine
459 3927 486 3982 in
505 3925 651 4002 palmulam
677 3936 802 3999 excepto,
827 3926 924 3984 melius
948 3940 1028 3996 quant
1057 3926 1112 3984 esttt'
1163 3925 1251 3996 colligi
1273 3934 1363 3997 potest
1379 3939 1413 3981 ex
1433 3922 1775 3997 aputeiiucrbin,nnitus
1789 3918 1967 3992 magnillceu·

311 4021 364 4078 dici
380 4030 478 4096 potest.
499 4020 591 4092 Neque
603 4035 653 4076 uos
666 4019 775 4092 quidem
789 4019 853 4076 ltuic
865 4019 1030 4089 conjecturae
1042 4019 1112 4075 ntul-
1164 4015 1298 4074 tissimum
1317 4017 1469 4088 gladiatorii
1491 4016 1546 4073 ludi
1568 4025 1727 4088 apparatum
1742 4013 1871 4072 describit
1886 4028 1894 4071 ;
1909 4010 1966 4068 lir-

312 4124 368 4172 tum
389 4115 623 4192 repungnabimus,
636 4115 659 4170 si
678 4114 766 4170 adbuc
779 4125 893 4182 romolos
912 4129 961 4185 pro
972 4122 1110 4186 eucratas,
1147 4096 1230 4175 'torm
1245 4108 1343 4179 innuit,
1356 4125 1413 4180 que
1430 4109 1527 4168 caeteris
1547 4108 1652 4166 torcino
1665 4106 1779 4178 corporb
1788 4104 1963 4179 mannent,

313 4206 509 4264 attendendum
540 4223 602 4266 csse
620 4195 765 4266 ‘ostendas
791 4206 858 4263 Nam
885 4205 1012 4264 llinabus
1036 4206 1112 4263 Felix
1163 4200 1621 4275 conicuopnreutannportanna
1642 4200 1676 4255 nd
1690 4196 1965 4267 obtumescentem-

311 4301 438 4375 illiont.
479 4301 672 4375 (letan.),qui
703 4302 778 4373 ,itura
808 4317 841 4359 et
871 4300 922 4357 boc
949 4300 1019 4366 libro
1040 4299 1112 4356 dcli·
1167 4294 1221 4352 lunt
1245 4293 1362 4366 (lpnteii
1385 4295 1429 4352 tit.
1453 4293 1487 4351 lV
1503 4293 1639 4350 Henaton
1661 4309 1721 4364 pop·
1737 4288 1795 4362 stt.
1811 4288 1879 4357 Quid
1894 4300 1965 4357 ergo

312 4394 398 4468 barb,
428 4395 585 4464 Tortudlioui
618 4411 727 4466 sensum
763 4394 806 4452 bis
843 4395 978 4466 expressit
1004 4393 1110 4462 uerbis,
1163 4395 1237 4446 uetat
1254 4387 1399 4460 quominus
1423 4402 1595 4446 commutent
1614 4385 1734 4443 omuintu
1753 4381 1875 4439 codicum
1895 4379 1968 4434 reti-

312 4488 357 4561 ubi
385 4488 454 4546 sicut
481 4488 527 4547 illc
550 4487 664 4546 educis
688 4488 833 4559 obiectat:
859 4486 995 4544 Bellonam
1010 4500 1112 4548 merant
1165 4495 1281 4538 neamus
1298 4495 1392 4538 uocem
1420 4479 1505 4552 clad,
1536 4494 1590 4552 qna
1614 4479 1802 4551 signillcentor
1831 4488 1907 4539 tata,
1937 4472 1967 4528 itt

312 4598 385 4642 auara
417 4581 509 4642 ltuaxttt
528 4583 635 4640 ltotuoaa'
660 4581 758 4637 cruoris
780 4580 901 4635 imbuere·
917 4579 1024 4637 videsis
1051 4572 1264 4649 quaeunibus
1287 4573 1442 4630 semicoctae
1462 4580 1566 4628 tantum
1588 4579 1666 4629 etam
1690 4583 1819 4627 utsottnn
1844 4579 1966 4634 unates,

312 4671 340 4728 iu
356 4679 447 4748 trustra
467 4672 502 4730 dc
523 4672 603 4745 lautius
616 4672 685 4730 libro
710 4672 902 4732 dissertatione
922 4671 1112 4728 aratuutauimus
1162 4680 1231 4738 uuas
1252 4664 1418 4737 gladiatores
1430 4674 1504 4722 tanta
1528 4663 1658 4720 aviditate
1683 4662 1818 4735 appetitas
1839 4656 1969 4715 eomeda-

312 4766 467 4842 (dissertat.
495 4768 523 4826 it
538 4766 635 4826 bun.
659 4765 750 4824 Ottou.
765 4782 823 4839 cop.
857 4765 885 4822 9.
900 4766 991 4826 orti.
1012 4776 1108 4838 etcop.
1162 4759 1249 4820 tantu
1272 4759 1465 4828 JQuatttobrertt
1495 4757 1678 4815 Tertullianus
1710 4756 1776 4813 iude
1808 4751 1967 4811 mutludlt:

312 4856 348 4922 20
362 4867 411 4914 nrt.
426 4859 465 4933 3).
1163 4851 1291 4910 Ructatur
1306 4852 1417 4923 nnat«
1436 4851 1468 4908 ab
1490 4852 1593 4910 licetine
1606 4867 1667 4907 ento
1687 4850 1757 4917 ursi,
1773 4858 1849 4921 pasto
1861 4847 1894 4902 de
1918 4844 1970 4898 tna·

349 4949 478 5010 Etlruicos
497 4966 589 5022 porro,
604 4960 634 5007 ut
654 4950 715 5008 lnlsi
738 4951 860 5009 criminis
883 4965 1013 5009 accosme
1033 4951 1112 5010 Glari·
1163 4946 1231 5002 taire
1250 4944 1416 5018 (Teu-tullian.
1430 4943 1565 5017 Apologet.
1591 4960 1651 5016 cap.
1667 4943 1695 5000 9.
1713 4957 1774 5014 pap.
1789 4939 1865 5011 823),
1881 4948 1970 5009 aquo

262 5105 265 5109 Α
313 5043 416 5103 stiauos
437 5044 539 5117 numu,
559 5044 583 5100 si
606 5059 722 5116 uunquam
748 5045 807 5102 beri
830 5056 955 5117 poterat,
972 5047 1112 5119 magisque
1164 5040 1338 5111 pautuautaa
1355 5036 1574 5094 occisnslusrat.
1793 5028 1798 5038 '
1921 5026 1923 5029 ’

312 5136 436 5210 puderet,
452 5138 485 5194 ils
501 5137 665 5196 horrendam
678 5139 753 5212 aliud
767 5139 869 5198 crimm
883 5141 1014 5210 bonestis,
1030 5151 1110 5212 prout
1199 5131 1302 5190 Verum
1323 5129 1400 5187 ¹²5⁵oe
1420 5128 1615 5203 abditioribus
1635 5128 1716 5200 lonso
1735 5122 1907 5182 immitium
1917 5118 1971 5178 ²¹11

312 5243 357 5290 tes
371 5230 533 5302 postulabat,
549 5233 640 5292 uerbis
652 5234 835 5304 exprobravit.
858 5234 912 5292 Sed
938 5235 1002 5291 illud
1023 5252 1074 5294 nec
1094 5252 1110 5293 a
1162 5227 1258 5301 procul
1276 5225 1357 5282 dubio
1370 5234 1467 5294 mut,
1493 5223 1643 5295 dequibus
1662 5223 1708 5279 illc
1724 5235 1777 5277 non
1795 5218 1831 5273 ita
1853 5214 1970 5290 quidem

312 5321 393 5380 nobis
419 5323 635 5392 nourimudaua,
662 5326 747 5392 attrito
777 5329 865 5384 urinas
899 5328 1110 5400 explicandum,
1163 5321 1308 5383 allirtnate,
1326 5316 1375 5374 ted
1400 5316 1471 5373 bunc
1496 5314 1626 5372 duntaxat
1650 5315 1678 5371 in
1703 5309 1968 5381 modumloquitara

311 5415 387 5487 quud
400 5415 508 5488 satyrici
525 5428 714 5489 lamtupoleos
734 5421 905 5478 manliesttnn
920 5423 986 5478 satis
997 5422 1110 5492 iaciunt,
1165 5414 1245 5470 At'tttu
1266 5423 1290 5469 tt
1302 5410 1372 5486 aaut
1384 5410 1509 5484 moment
1520 5406 1627 5482 pmii«
1641 5407 1798 5481 Scytbnruttt
1816 5405 1970 5477 defunctam

313 5515 341 5562 et
366 5509 464 5580 passim
487 5512 652 5572 mesaauuur
668 5511 837 5585 (Tatnlliett
853 5514 989 5588 Apolopet.
1005 5532 1065 5588 cop.
1081 5516 1111 5575 9.
1165 5493 1288 5581 pompm
1306 5521 1323 5560 o
1341 5504 1394 5561 satit
1419 5503 1518 5558 consu
1537 5501 1644 5575 (lita).
1666 5505 1702 5558 ttt
1714 5515 1781 5558 sane
1801 5497 1872 5556 istud
1894 5493 1972 5553 baud

314 5613 374 5670 aas·
389 5601 453 5662 525.
469 5609 491 5658 at
505 5600 550 5668 bb.
561 5601 576 5662 l
587 5602 622 5666 oti
637 5601 745 5664 Notiora.
756 5621 815 5676 cop.
828 5605 872 5663 ts.
883 5623 943 5680 pap.
957 5607 1035 5681 aab).
1164 5602 1320 5658 dubitanter
1342 5595 1652 5671 pronuntiare‘poterat.
1664 5596 1708 5653 lix
1720 5595 1855 5653 Strabone
1876 5589 1967 5650 euim·

1146 5709 1232 5768 ,tero
1254 5693 1385 5752 diacltnut
1410 5691 1532 5765 bospites
1556 5689 1710 5746 immolatos
1723 5682 1968 5757 tnunsseytatr.

1168 5785 1216 5859 nu
1232 5782 1344 5848 lberam
1364 5797 1463 5846 aruer
1488 5779 1661 5858 mandebant,
1683 5773 1975 5857 conmanentes
