4242 6259
187 366 258 428 lost
760 350 987 414 ntsststttstto
1007 349 1039 407 [i.
1054 349 1099 407 Li}
1117 350 1277 430 dobunt.
1771 347 1841 406 ¹058

186 499 274 544 outoni
298 484 382 539 ntedis
399 479 494 553 stipitis
513 479 589 551 pniur
614 476 736 552 (Tertnii.
762 477 808 531 lib.
834 469 1117 531 uuintoniam
1138 470 1246 541 orgiiio,
1261 468 1293 524 cb
1316 468 1410 541 uigilia
1432 469 1495 524 dent
1517 467 1627 535 anniam
1644 469 1720 524 niodo
1734 469 1839 538 transit,

187 596 247 649 cnp.
274 578 326 645 9.).
365 553 504 630 Tarentur'
529 579 618 627 tamen
662 584 716 624 non
754 568 836 640 plane
865 567 987 620 inonrrn-
1037 565 1142 620 crucia
1160 565 1236 619 denus
1251 580 1296 635 per
1315 563 1444 635 turpilium.
1465 561 1839 636 Crnccatigiturcontccrutio,

186 684 262 745 ptum
287 685 346 748 esse
370 670 440 724 bunc
463 668 567 734 locum,
582 680 632 720 nec
653 663 768 734 proinde
779 671 856 717 certo
880 657 986 715 dellrdri
1037 671 1119 727 agan
1136 656 1258 729 incipitur
1277 656 1420 714 camurani
1435 654 1445 728 i
1459 655 1505 712 tit.
1519 654 1531 711 l
1545 655 1579 711 cd
1598 653 1709 711 Notion.
1721 673 1780 730 cop.
1793 645 1839 729 tt,

186 779 267 838 posse
281 749 369 818 utrum
389 761 431 816 bis
449 758 645 830 posterioribus
667 756 755 812 uerbis
776 764 879 811 rectum
899 751 987 808 crocis
1038 764 1066 819 pn
1080 748 1156 820 578).

186 856 288 927 iignum
303 870 356 909 non
371 852 527 909 denotetur.
547 851 580 905 bt
596 859 672 904 extra
686 847 797 903 dubium
810 861 871 902 esse
883 845 988 900 ridetur
1080 841 1120 897 iio
1133 841 1175 897 bis
1189 851 1281 899 autom
1291 842 1348 913 por
1360 843 1465 914 egimus
1480 842 1506 899 io
1518 850 1609 899 nostra
1621 841 1655 900 de
1669 842 1771 904 illontii
1784 843 1836 902 Te·

186 949 316 1018 integram
338 962 370 1003 ac
391 944 537 1018 pneriectam
558 944 593 999 ab
604 942 652 997 illo
663 940 792 1013 appellari
812 937 913 995 Christi
924 952 986 993 cru—
1041 934 1103 991 licis
1122 935 1193 991 libro
1213 935 1561 1010 dsserndoneiitinertnt.
1582 935 1838 1009 inminutione,

186 1055 262 1107 cern,
275 1040 591 1112 utroquelignorectoet
602 1044 774 1102 transrerso,
785 1030 903 1089 acsodili
915 1044 989 1086 com·
1029 1043 1098 1098 sup.
1112 1028 1140 1092 i,
1154 1036 1207 1084 nrt.
1220 1028 1282 1099 iil,
1297 1043 1349 1084 nec
1372 1042 1427 1084 unta
1452 1029 1533 1085 etiam
1554 1028 1590 1085 dc
1609 1029 1737 1101 tmpaets,
1752 1040 1843 1087 canta·

186 1136 310 1210 posituro.
638 1147 640 1151 ·
1041 1120 1115 1188 bris,
1134 1131 1161 1178 et
1174 1121 1292 1179 nexillis.
1306 1121 1408 1179 Eadem
1423 1137 1487 1178 roro
1501 1122 1605 1178 rationo
1618 1121 1660 1178 iris
1674 1122 1798 1179 ominibus
1809 1122 1844 1179 ab

226 1226 402 1283 Euboicorum
424 1231 527 1291 antem,
543 1219 704 1278 Christianis
727 1217 808 1290 bajus
820 1215 909 1273 crocis
933 1213 987 1271 cui·
1044 1213 1163 1270 Auctore
1175 1224 1268 1271 nosmo
1280 1214 1443 1284 adjiciuntur
1456 1213 1586 1284 :Sipicrn
1598 1214 1808 1271 mormiliorum
1820 1225 1844 1272 rt

187 1328 244 1376 tum
275 1314 564 1388 exprobrantium,ut
593 1313 773 1369 temeritatem
806 1308 988 1379 comprimat,
1045 1307 1225 1367 concinorum
1244 1306 1409 1379 (Tertullinus.
1432 1306 1651 1379 apologet.‚ccp.
1667 1305 1711 1375 tn.
1727 1307 1843 1382 nitidi
1886 1289 1891 1300 ’

187 1410 357 1484 conglobatis
381 1407 548 1478 argumentis
569 1403 688 1461 ostendit
713 1403 804 1474 plnres
817 1400 884 1456 alias
896 1413 992 1456 crisces
1043 1406 1079 1462 At
1097 1403 1325 1472 siplmrum,sire
1349 1401 1521 1474 sppltarium,
1535 1416 1687 1473 supparus,
1704 1413 1731 1460 et
1749 1418 1847 1475 suppa.

187 1520 241 1564 noir
265 1504 351 1561 solum
369 1502 503 1572 integras,
519 1498 567 1555 sed
581 1514 674 1554 earum
694 1498 776 1553 etiarn
790 1500 880 1567 partos
893 1492 992 1550 abillis
1043 1511 1104 1553 rum
1117 1494 1264 1552 uocabatur
1276 1495 1380 1551 narium
1395 1497 1587 1552 restituentiet
1601 1494 1653 1551 reli
1667 1509 1768 1566 genus,
1783 1502 1846 1568 puta

189 1596 305 1656 adorari.
327 1596 386 1651 Non
401 1595 491 1662 eninr,
508 1592 546 1648 nti
566 1591 622 1658 uit,
636 1589 831 1661 disnngcittrrn
850 1588 932 1641 crucis
946 1586 993 1642 cti·
1044 1588 1154 1662 narium
1168 1596 1196 1643 ot
1211 1585 1310 1644 tircutri
1326 1606 1333 1643 z
1347 1587 1395 1643 scd
1407 1588 1443 1644 ibi
1457 1604 1472 1644 a
1485 1588 1671 1656 Tertulliano,
1687 1590 1724 1644 uti
1737 1588 1802 1645 satis
1813 1585 1846 1645 li·

191 1693 250 1764 pite.
265 1689 356 1745 Pullos
374 1687 474 1753 Attico,
486 1694 510 1741 et
522 1683 598 1740 Ceres
616 1682 733 1748 Pinrio,
755 1697 812 1751 gno
824 1682 879 1737 cine
892 1679 991 1750 effigit,
1045 1688 1128 1751 quet,
1144 1678 1259 1734 sumitur
1273 1693 1324 1749 pro
1346 1679 1497 1735 solamento
1518 1680 1656 1750 signorum
1671 1681 1844 1750 militarium,

190 1785 249 1840 rudi
263 1783 341 1856 puio,
356 1790 378 1835 et
390 1780 496 1851 informi
511 1777 580 1849 ligno
598 1785 696 1847 prostat
714 1773 878 1845 (Tertuiiiun.
894 1772 992 1843 Apolo-
1045 1772 1131 1838 cruci,
1143 1770 1186 1826 rui
1199 1771 1306 1842 lignea,
1320 1771 1361 1827 acl
1375 1771 1485 1827 alterius
1495 1772 1614 1828 materian
1627 1773 1761 1843 imposito.
1773 1772 1846 1830 Cou-

193 1885 257 1948 gen,
281 1889 339 1944 cup.
355 1871 410 1938 to,
426 1887 452 1940 p.
470 1869 548 1938 566).
562 1868 650 1938 tlttpuo
668 1866 727 1923 bne
746 1866 840 1928 iisdem
852 1880 921 1936 petre
931 1879 994 1920 rer·
1008 1867 1032 1928 Β
1047 1861 1243 1920 tinenterunim
1253 1900 1262 1928 ,
1273 1861 1331 1918 boc
1341 1861 1464 1934 cipitata,
1481 1862 1584 1933 inquit,
1595 1862 1668 1920 stain
1679 1879 1778 1921 crucem
1788 1874 1846 1922 rnrtt

189 1963 232 2024 bis
254 1965 281 2020 in
304 1963 373 2019 libro
394 1962 430 2015 nd
453 1958 581 2015 Nationes
604 1959 702 2030 repetit
715 1955 773 2031 (lib.
800 1957 811 2012 l
833 1956 868 2010 od
884 1955 991 2010 lintion.
1044 1955 1158 2028 (ibid),
1174 1954 1201 2011 id
1219 1964 1276 2023 cst,
1290 1955 1404 2012 amictos
1427 1964 1507 2025 sutri,
1520 1964 1549 2012 ct
1569 1956 1735 2025 retamenta,
1749 1958 1847 2029 quibus

190 2074 249 2128 cap.
262 2057 291 2112 ll
304 2098 312 2125 ,
327 2072 354 2127 p.
371 2053 448 2126 itt).
463 2051 517 2109 Sed
542 2053 568 2108 in
582 2050 682 2107 nocuis
696 2048 886 2120 manuscriptis
900 2063 992 2104 exem·
1044 2062 1112 2103 crux
1126 2046 1275 2114 sabbaim,
1288 2046 1332 2103 rel
1348 2048 1497 2120 tegebatur.
1517 2047 1623 2120 Sipbari
1639 2049 1720 2118 igitur
1738 2052 1846 2108 nomios

196 2146 316 2222 pluribus
342 2145 475 2216 scriptum
500 2153 542 2199 est
561 2139 637 2200 ceree
651 2140 774 2209 Furiam,
787 2141 813 2197 in
838 2139 994 2212 antiquiori·
1044 2140 1168 2213 designat
1188 2140 1278 2197 mlum
1300 2140 1367 2197 illud
1379 2157 1414 2197 eu
1429 2150 1580 2200 transversa
1601 2144 1692 2199 crucis
1711 2154 1786 2215 parte
1797 2160 1848 2218 ap·

193 2240 245 2299 bus
255 2239 351 2302 editis,
364 2237 439 2292 dnos
454 2236 553 2292 Fauen
560 2254 571 2305 ,-
584 2250 646 2308 qun
655 2234 737 2291 lectio
750 2233 872 2305 pluribus
886 2232 992 2303 placet,
1045 2247 1175 2305 pensum,
1184 2246 1239 2303 guo
1249 2232 1348 2289 resilis
1358 2232 1520 2290 otcuutabra
1530 2232 1735 2293 decorabantur.
1748 2236 1849 2308 Quam.

195 2330 529 2408 placentinorum„
543 2328 766 2399 ronrnposnun
778 2333 907 2391 censent.
922 2321 995 2395 cuod
1046 2328 1140 2385 obrem
1159 2326 1282 2384 alarino
1302 2325 1378 2382 turns
1399 2326 1488 2384 aaron
1508 2326 1620 2386 transi:
1636 2327 1728 2384 caan
1740 2329 1849 2401 utima-

194 2425 241 2484 ilia
256 2426 296 2481 iar
310 2421 597 2496 irogusqneinrenisse
611 2419 797 2490 perhibeatur.
812 2417 863 2472 Alii
878 2414 995 2473 seroie·
1046 2420 1120 2478 tion.
1147 2417 1274 2474 Noluistis
1296 2418 1382 2474 nudor
1404 2429 1429 2475 et
1455 2419 1566 2476 mutat
1589 2437 1677 2477 crocea
1701 2438 1849 2482 conuocare

197 2517 312 2591 gendum
327 2516 430 2571 malunt
443 2513 559 2580 Pirria,
573 2527 623 2568 seu
638 2510 736 2577 Faria,
748 2509 827 2567 sicuti
841 2510 868 2565 in
883 2509 951 2565 libro
961 2508 996 2564 od
1047 2507 1144 2584 (tiit.)
1157 2511 1187 2567 in
1201 2511 1289 2567 altero
1302 2511 1384 2568 etiam
1403 2510 1473 2567 libro
1487 2529 1494 2567 ε
1509 2510 1626 2585 Sipinrc
1635 2513 1682 2569 iila
1693 2524 1772 2571 attur
1785 2530 1846 2570 cru,-

194 2609 330 2668 Nutinnec.
347 2611 385 2665 Eo
405 2607 478 2664 enim
501 2604 663 2678 cognomine
683 2603 811 2660 Cererem
833 2600 995 2673 appellatam
1046 2621 1105 2661 cuns
1116 2614 1185 2660 arnt.
1201 2603 1375 2672 Bruttianis,
1387 2605 1489 2678 opinor,
1505 2606 1615 2662 incultus
1627 2616 1651 2662 tt
1663 2608 1746 2664 nudor
1757 2624 1844 2668 crocco

194 2708 346 2769 autumant,
366 2700 429 2772 quia
449 2702 476 2755 in
491 2698 579 2754 Pbaro
601 2695 713 2768 AEgppti
736 2693 824 2750 insula
846 2693 995 2752 colebatur.
1049 2697 1135 2755 entare
1149 2695 1247 2766 lidan,
1269 2698 1315 2756 iii.
1329 2697 1388 2754 inti
1404 2699 1526 2766 Nantua,
1541 2716 1600 2771 cap.
1612 2700 1657 2767 li,
1671 2719 1699 2773 p.
1713 2700 1790 2774 titt).

196 2796 235 2854 ile
247 2810 278 2852 ea
293 2808 374 2866 porro
390 2791 491 2863 aliquid
505 2793 531 2846 in
546 2800 637 2846 nostra
654 2790 688 2845 de
701 2786 806 2844 blinntii
816 2786 998 2843 FelicisOotu·
1084 2787 1169 2848 inctat
1190 2790 1279 2847 adbuc
1302 2790 1368 2847 ille:
1388 2788 1514 2846 Victorias
1534 2791 1664 2860 odoratio,
1677 2809 1735 2849 cttnt
1748 2795 1776 2850 in
1789 2802 1843 2852 tru-

199 2891 245 2947 rio
258 2888 449 2946 dissertatione
463 2889 634 2942 obseruatum
648 2897 664 2938 a
679 2883 758 2940 nobis
779 2881 831 2938 init
849 2879 996 2954 tbinnnt.
1048 2883 1113 2954 pois
1125 2897 1212 2939 mccc
1224 2882 1345 2937 intestino
1358 2891 1417 2938 aunt
1426 2891 1580 2953 tropaeorum
1594 2883 1680 2956 (lm
1690 2929 1698 2954 ‚
1710 2886 1844 2959 ,appropeg

201 2982 229 3038 in
243 2979 339 3036 dtinuit,
356 2996 415 3050 cap.
432 2979 478 3043 tt,
492 2986 543 3033 ort.
558 2976 599 3048 4).
1049 2975 1099 3031 loe.
1114 2973 1192 3045 cin),
1208 2972 1235 3029 id
1248 2984 1307 3039 nm,
1321 2975 1430 3045 πομπῇ)
1452 2975 1580 3046 supjgppae
1597 2988 1671 3038 gum·
1685 2979 1769 3040 paup⁰
1782 2995 1846 3037 vem

228 3069 530 3129 lionscmelautemin
551 3069 613 3124 aliis
640 3066 873 3123 dissertationibus
896 3061 998 3136 (Tanti
1049 3066 1129 3122 aditor
1149 3065 1178 3121 in
1201 3064 1256 3121 ulio
1274 3065 1363 3122 libro:
1385 3064 1510 3124 Victorias
1529 3071 1695 3138 ornamina,
1711 3072 1848 3143 ttgnidnn
1938 3058 1941 3066 ’

202 3166 328 3241 Apposui.
341 3183 370 3238 p.
383 3164 435 3221 tot
447 3173 471 3219 et
482 3179 563 3234 regg,
578 3160 794 3216 rediscussio
812 3158 922 3226 drani„
935 3173 993 3227 cap.
1050 3157 1198 3230 cognatiora
1208 3197 1216 3226 ,
1228 3166 1322 3226 quanto
1336 3157 1435 3214 ioetioro
1447 3162 1604 3216 uenarunn‘ni
1618 3179 1711 3220 ron...
1728 3181 1776 3221 ont
1786 3165 1849 3235 guid

200 3258 250 3329 2⁰,
272 3268 322 3315 nrt.
337 3260 350 3316 i
366 3257 376 3332 )
394 3257 580 3314 adnotavimus
601 3267 743 3328 antequam
756 3253 872 3325 gentilos
885 3251 996 3308 deornm
1010 3257 1033 3322 c
1051 3251 1141 3306 melius
1153 3251 1277 3308 ectoiitml
1289 3292 1298 3321 ,
1312 3267 1400 3308 cruces
1413 3264 1487 3308 eruut
1504 3255 1625 3312 intestino
1642 3256 1752 3328 qondam
1773 3259 1848 3314 niodo

194 3364 306 3410 suorum
327 3350 470 3407 simulacra
491 3349 525 3405 ad
546 3348 663 3405 bominis
677 3346 793 3418 eligium
806 3345 996 3410 finxissent,u
1053 3353 1208 3416 tropaeorum
1224 3344 1334 3416 (lieni,
1350 3346 1395 3402 lib.
1411 3347 1445 3401 od
1465 3346 1634 3404 diationico.
1656 3349 1724 3421 cin).
1737 3348 1850 3408 Cotnstat

194 3441 355 3516 quibusdam
370 3440 528 3509 acinacem,
545 3455 579 3496 an
595 3439 654 3495 aliis
668 3438 805 3510 gladium,
821 3451 934 3506 ensem,
949 3435 996 3490 ita-
1047 3451 1113 3493 sane
1128 3435 1277 3494 Victoriam
1290 3436 1324 3493 ab
1338 3435 1393 3494 illis
1406 3438 1433 3494 in
1447 3438 1558 3496 dearum
1574 3440 1688 3511 positam
1704 3441 1788 3500 luisse
1800 3460 1850 3500 nu·

195 3544 265 3591 stam
278 3577 286 3603 ,
300 3549 316 3589 a
329 3534 466 3590 nonnullis
481 3532 615 3604 lapidem,
630 3531 665 3588 ab
684 3531 745 3588 aliis
756 3530 824 3587 rude
836 3530 953 3602 lignum,
969 3536 997 3586 et
1048 3541 1124 3586 mero
1136 3545 1144 3583 ε
1158 3529 1229 3601 quod
1253 3528 1373 3601 guidem,
1396 3531 1440 3586 rix
1462 3531 1509 3587 ulli
1533 3531 1708 3603 lrtcognitnm,
1718 3535 1846 3606 probasse

194 3626 314 3697 stipitem
337 3640 391 3682 nora
416 3626 586 3682 elaboratum
610 3638 660 3697 pro
679 3622 733 3680 diis
754 3623 848 3680 habita
867 3622 952 3678 inisse
969 3630 997 3677 ct
1049 3620 1165 3678 suidciat
1180 3621 1222 3677 bis
1235 3619 1317 3677 Tullii
1336 3622 1444 3679 scrib:
1462 3623 1531 3690 Quid
1550 3626 1695 3681 cononica
1709 3627 1847 3698 tenplum,

195 3719 316 3777 adorata.
331 3721 381 3790 Qui
400 3720 509 3792 quidem
530 3735 589 3775 mos
602 3719 672 3790 apud
691 3718 820 3790 quasdam
834 3726 928 3790 gentes
942 3716 998 3787 diu·
1050 3714 1226 3782 libertarit,et
1239 3714 1728 3787 nictnrimuornmnntniomreram,
1742 3719 1851 3789 quictis

195 3813 250 3870 iios
261 3812 455 3884 perseverarit.
467 3811 650 3867 Tertullianus
661 3823 750 3866 antem
763 3810 915 3882 signiticare
927 3807 999 3864 ride·
1050 3817 1105 3864 mot
1118 3817 1206 3876 mato,
1222 3817 1250 3861 ut
1269 3809 1324 3864 aine
1345 3809 1393 3864 deo
1412 3810 1467 3882 regi
1479 3827 1530 3865 rann
1545 3821 1646 3883 posset,
1662 3813 1720 3883 ipso
1732 3829 1773 3870 ret
1785 3813 1847 3869 dca-

197 3913 240 3964 lur
250 3921 301 3963 suo
312 3907 401 3962 adhuc
422 3915 544 3976 ternpore
562 3905 700 3962 exstitisse
718 3905 826 3976 aliquod
841 3902 959 3962 Palladis
970 3902 998 3958 in
1050 3917 1109 3956 ratur
1119 3916 1210 3956 nomen
1225 3900 1332 3956 obtinuit
1347 3900 1424 3974 (dic,
1440 3902 1484 3958 ttt.
1498 3901 1520 3957 tt
1533 3903 1566 3959 dc
1579 3902 1675 3958 lictor.
1689 3903 1773 3972 deor,
1787 3920 1850 3977 pag.

197 3999 285 4056 Attica
309 4002 439 4071 regione,
455 4008 483 4055 ct
501 3997 609 4055 Cereris
625 3999 651 4054 in
668 3997 757 4054 Pbaro
777 3996 865 4053 insula
885 3995 998 4054 simula·
1050 3994 1116 4060 225,
1128 3994 1173 4051 iin.
1190 3994 1243 4067 5.).
1261 3994 1298 4050 llo
1313 3994 1357 4050 illa
1370 4010 1435 4052 roro
1449 3996 1561 4067 ejusque
1583 3996 1672 4068 eligis
1685 3995 1847 4055 Claudianus

197 4104 292 4162 crum,
306 4092 379 4164 quod
402 4091 477 4148 rudis
495 4091 637 4148 dnortarat
656 4090 752 4163 palos,
766 4100 795 4148 et
818 4088 952 4154 iniorme,
968 4102 1000 4146 ac
1051 4088 1102 4146 bos
1115 4088 1179 4146 iecit
1190 4103 1305 4145 remus:

197 4185 257 4242 tine
279 4186 332 4241 ullu
355 4184 445 4257 siligio
464 4185 566 4256 lignum
585 4194 653 4241 erat.
669 4185 705 4240 it
718 4184 745 4239 id
759 4181 880 4255 proiecto
889 4198 923 4240 ex
936 4180 998 4251 iiis,
1147 4202 1270 4267 115,ng
1280 4217 1363 4255 „cm
1373 4204 1481 4256 victoria
1492 4205 1613 4268 panderet
1624 4205 1700 4258 mg„

198 4291 259 4350 quae
270 4279 297 4333 in
308 4278 399 4336 citatis
411 4280 510 4335 nostris
521 4278 759 4334 dissertationibus
771 4277 928 4344 retulimus,
939 4290 1002 4332 oon·
1146 4265 1255 4331 ΟΜΝ)
1264 4267 1467 4340 'illdiiildfflb
1480 4279 1507 4318 0¹
1517 4271 1605 4317 ²¹⁰*ssss
1616 4273 1725 4343 mstis,
1831 4273 1835 4282 '

1147 4326 1234 4380 Ctrstos
1245 4328 1346 4393 imperti
1357 4342 1436 4392 virgo.
1448 4342 1503 4391 quae
1513 4329 1564 4378 tola
1576 4331 1685 4384 mederis

199 4367 301 4427 urnart
317 4371 409 4442 uthna
422 4381 521 4442 potera
536 4371 644 4427 Euboici
659 4385 725 4441 eruo
743 4369 832 4442 pulum
848 4368 1002 4442 hujusmodl
1146 4387 1307 4450 volneribus,
1321 4390 1464 4453 nuttnnnue
1475 4390 1551 4442 uoces
1561 4396 1656 4445 suntin
1668 4394 1787 4445 tamam.

200 4470 281 4520 terre
306 4463 423 4519 dedxum
459 4473 585 4535 tanguam
611 4478 689 4518 sacra
711 4463 819 4518 numina
838 4461 1000 4529 adorantes,
1112 4446 1253 4512 (cmm-
1265 4448 1352 4512 ’Μ’
1364 4451 1396 4502 ‘¹⁶
1409 4453 1511 4504 Lam·
1525 4452 1646 4519 mma
1658 4456 1852 4525 ”mmm-i

200 4562 307 4625 partem
320 4555 407 4610 crucis
420 4555 542 4627 proiecto
555 4554 713 4611 adorabant.
1093 4550 1203 4626 Eitigies
1215 4556 1294 4626 igitur
1309 4557 1378 4614 illins
1393 4556 1510 4630 fulgebat
1527 4559 1553 4616 in
1575 4562 1691 4632 tropaeis,
1716 4561 1776 4619 sire
1786 4580 1850 4637 cap·

237 4642 359 4716 integras
386 4657 476 4702 atatem
501 4660 594 4704 cruccs
621 4645 819 4701 venerabantur
840 4648 867 4702 in
890 4641 1042 4714 deoruml)
1056 4648 1091 4706 tis
1106 4648 1223 4705 bostium
1246 4649 1349 4719 spoliis,
1373 4667 1432 4722 que
1454 4667 1561 4709 stimmo
1575 4655 1668 4725 stipiti,
1684 4667 1711 4713 et
1726 4658 1752 4713 in
1766 4661 1855 4716 crucis

200 4751 313 4795 suorum
328 4739 499 4809 simulacris,
514 4739 658 4796 humanam
672 4739 790 4811 eiilgiem
805 4752 1002 4812 repraesentan-
1056 4740 1174 4812 ligoram·
1184 4749 1284 4808 erecto,
1299 4743 1477 4813 superposita,
1493 4746 1615 4802 solebant
1629 4748 1741 4805 solemni
1757 4766 1855 4824 pompa

201 4830 283 4886 tibus.
299 4828 435 4886 Fabrimri
459 4832 592 4904 siqnidem
607 4848 621 4885 a
637 4831 731 4903 plastis
745 4841 773 4889 et
786 4833 934 4891 artificibus
949 4851 1003 4893 non
1057 4833 1166 4892 deferri.
1182 4833 1287 4890 litbtrici
1307 4836 1396 4906 ituipte
1410 4836 1555 4894 Victoriam
1571 4855 1623 4896 non
1645 4840 1732 4899 solum
1757 4843 1783 4900 in
1805 4860 1856 4903 suo

202 4930 345 4994 puniemur,
361 4924 413 4978 nisi
429 4924 504 4995 prius
518 4923 611 4995 argilla
625 4932 672 4978 aut
692 4925 742 4979 alia
755 4927 876 4998 ornandam
892 4928 1003 4985 materia
1058 4927 1169 4998 templo,
1185 4926 1232 4984 sed
1251 4927 1277 4982 in
1293 4926 1426 4984 bisetium
1443 4929 1561 5001 tropacis,
1577 4932 1731 5003 atiorantos,
1746 4951 1855 4996 crucem

201 5014 409 5082 sustcruacrdit,
422 5015 449 5071 in
460 5018 548 5073 crucis
560 5017 671 5087 integrae
684 5019 931 5094 nioduurappositis
943 5063 951 5089 ,
963 5037 1006 5079 re·
1058 5034 1166 5092 qnoque
1178 5019 1334 5077 adorabant.
1350 5019 1417 5078 Nam
1431 5033 1528 5094 tropon
1540 5025 1661 5095 uictricia,
1677 5027 1857 5099 inquitliinu·

206 5124 270 5166 rora
285 5122 524 5181 superponeretur.
538 5110 707 5185 Quapropter
720 5127 793 5174 recte
808 5116 1004 5173 Tertullianus:
1059 5110 1193 5169 tiusFelir
1205 5112 1312 5187 (Minor.
1322 5133 1349 5186 p.
1364 5115 1440 5185 287),
1452 5121 1746 5192 nontcntnnrsinrplinis
1755 5125 1854 5192 crucis,

109 5250 117 5260 .
207 5201 345 5270 Minurus,
371 5205 472 5275 inquit,
488 5206 612 5278 originem
635 5207 740 5263 deorum
762 5203 900 5265 neuroranr
918 5211 1006 5281 opio·
1060 5219 1155 5264 verum
1171 5210 1251 5264 etiarn
1266 5209 1338 5264 aliisi
1357 5210 1385 5265 in
1397 5226 1429 5268 ea
1445 5210 1559 5269 bominis
1579 5214 1689 5286 liguram
1703 5217 1849 5276 imitantur.

210 5298 258 5352 stit
278 5298 310 5350 de
321 5313 395 5360 cruce
406 5298 493 5354 induci
508 5299 673 5374 (Tertniiion.
684 5303 830 5377 apologet,
846 5322 904 5375 cop.
917 5305 961 5369 ld,
978 5324 1006 5376 p.
1097 5298 1151 5357 Sed
1177 5299 1265 5357 acritts
1286 5300 1373 5357 aditttc
1387 5314 1526 5374 urgentem
1545 5304 1737 5364 Tertullianum
1763 5312 1858 5368 subse·

206 5386 283 5458 506).
296 5390 381 5445 Antea
393 5391 949 5466 terodixeratzdimnincrnmpriuanrgilin
963 5398 1009 5452 dc·
1062 5406 1194 5464 quaritur:
1220 5391 1319 5464 ilelipio
1339 5393 1523 5461 Buritanorum,
1540 5396 1635 5467 lnquit,
1655 5405 1851 5459 totnccrtrenrir

205 5479 578 5556 sarnmtiiiid.,cop.12,p.
594 5485 669 5557 340),
683 5486 709 5544 id
723 5495 765 5543 cst
777 5486 893 5544 iormaru
903 5489 1007 5561 incipit,
1063 5486 1137 5558 tigno
1155 5495 1297 5550 ueneratur,
1311 5486 1383 5557 signu
1393 5486 1476 5562 jurat,
1499 5488 1573 5560 signu
1589 5490 1704 5548 ornniirns
1720 5494 1770 5550 diis
1791 5510 1858 5567 prn-

204 5569 280 5627 crnci
294 5581 321 5626 ct
335 5574 417 5644 stipiti
438 5587 621 5648 aupnstrncta.
637 5578 740 5635 ilursus
758 5588 847 5634 antem
862 5580 916 5637 aiio
929 5582 956 5637 in
970 5581 1005 5637 ti·
1065 5579 1147 5651 ponit.
1164 5577 1257 5633 Ornncr
1269 5577 1309 5633 iiii
1326 5578 1465 5651 imaginum
1477 5590 1608 5653 suggestus
1628 5583 1738 5657 insignes
1749 5587 1855 5642 monilia

132 5725 135 5730 ,
203 5659 274 5721 bro:
295 5666 363 5722 Huic
373 5668 481 5724 exordio
498 5679 521 5724 et
539 5670 606 5726 uelut
628 5671 758 5725 stotnnrini
772 5671 865 5742 argilla
876 5712 885 5739 ‚
896 5675 1005 5745 manger
1063 5685 1169 5727 crucum
1188 5680 1257 5726 runt.
1275 5668 1439 5741 (Terttiiiun.
1455 5672 1658 5745 Apolaustum.
1675 5676 1717 5742 tu,
1730 5696 1757 5748 p.
1773 5677 1849 5753 sut).

202 5751 301 5812 intentu
312 5798 321 5828 ,
332 5760 456 5832 paulatim
475 5762 587 5819 ntembra
601 5761 725 5836 complet,
737 5773 761 5818 rt
774 5779 865 5834 corpur
876 5765 967 5833 struit,
982 5775 1008 5824 et
1064 5763 1103 5820 ita
1113 5763 1220 5835 quidem
1233 5764 1259 5819 in
1272 5766 1370 5820 nostris
1382 5764 1520 5822 codicibus
1533 5782 1614 5823 manu
1628 5771 1752 5835 exaratis,
1763 5775 1791 5826 et
1801 5770 1859 5827 edi·

201 5838 336 5923 itiitnm,
349 5869 423 5926 menn
436 5853 549 5929 placuit,
560 5855 816 5929 orgillnintntcrnci
825 5855 976 5929 iungeris...
991 5873 1009 5916 n
1065 5857 1101 5918 tis
1112 5857 1315 5930 antiquioribus.
1331 5855 1430 5916 iorum
1449 5857 1582 5932 liigaltius
1596 5855 1633 5919 ibi
1649 5871 1745 5921 nomen
1760 5859 1860 5920 dorric·
