4242 6259
654 328 765 417 25‘5
1332 348 1624 408 Lssc'rom
1668 345 1968 410 caumoo
2003 346 2063 406 s.
2105 347 2167 405 P.
2208 345 2272 404 n.
2313 342 2741 406 &canemus
2777 325 3313 406 nAvEncAuPits.
3846 308 3965 412 256*

660 474 858 532 dicitius
880 471 1085 530 vetustis
1107 470 1362 539 adiecerat
1385 510 1401 536 ,
1443 466 1580 539 quod
1599 466 1722 522 mihi
1747 462 1942 521 dudum
1966 479 2031 519 ex
2057 462 2252 520 Biblio-
2281 464 2336 527 A
2358 463 2495 534 quod
2514 478 2578 518 ex
2600 462 2796 518 duobus
2819 463 2988 534 parvis
3008 462 3091 518 Ad
3118 460 3368 538 Nationes
3401 459 3633 534 Libellis,
3678 478 3779 520 non
3814 480 3953 536 φω-

660 569 805 624 theca
822 562 1221 621 almeloveniana
1253 561 1307 615 in
1327 560 1436 631 ejus
1464 558 1791 614 distractione
1814 558 2249 626 comparaveram.

658 650 860 722 Referri
888 653 1064 720 forsan
1087 646 1265 700 debent
1289 644 1358 699 ad
1382 642 1590 700 Codices
1616 641 1832 698 Jesuitae
1855 642 1991 695 docti
2031 649 2077 695 et
2100 639 2255 694 amici

658 741 921 809 Scriverii,
953 738 1209 799 Beriberti
1240 737 1527 795 Rosvceidi.
1551 736 1633 791 Aa
1660 736 1809 791 illuns
1824 745 1958 790 certe
2001 733 2253 804 pertinent

658 836 785 900 hoec,
817 849 933 906 quae
955 833 1084 887 libro
1107 847 1202 887 suo
1229 830 1353 887 olim
1405 828 1626 912 praefixit
1672 828 1996 883 doctissimus
2023 815 2254 882 Stimu-

651 942 782 984 mus
806 943 824 982 .·
851 944 871 979 s
909 923 1204 981 Heribertns
1250 923 1476 996 Rosvvey
1500 922 1719 994 epistola
1734 938 1869 976 aristo
1897 937 2082 977 noctu.
2110 930 2255 975 sexto

666 1035 686 1071 s
719 1016 850 1074 Maii
883 1017 955 1090 ad
996 1033 1076 1072 me
1101 1017 1293 1087 scripta
1324 1031 1341 1070 .·
1375 1014 1574 1069 Nactus
1598 1029 1711 1068 sum
1749 1029 1914 1084 nuper
1958 1013 2059 1066 duo
2086 1027 2258 1066 exeni-

667 1130 687 1165 ‹
723 1111 891 1182 plaria
940 1109 1210 1181 discripta
1251 1112 1612 1166 APOLOGEtht
1664 1106 2065 1163 'semustam-:1
2093 1147 2110 1173 ,
2142 1120 2259 1177 quoe

667 1224 687 1259 s
715 1205 842 1260 mire
877 1203 1208 1275 conspirant,
1241 1212 1287 1257 et
1325 1211 1513 1269 veteres
1544 1200 1782 1255 lectiones
1828 1207 2031 1252 tuentur
2079 1205 2260 1251 contra

668 1313 689 1348 s
722 1294 1024 1352 Criticorum
1049 1309 1281 1348 acumen.
1314 1291 1455 1349 Sane
1480 1291 1692 1345 miratus
1717 1306 1828 1344 snm
1858 1305 2097 1360 siuaqnum
2121 1287 2258 1343 Sca-

671 1406 689 1440 «
719 1387 954 1459 limi-um,
982 1384 1118 1456 quod
1147 1382 1479 1453 Gomphosin
1498 1382 1645 1439 nobis
1673 1381 1726 1436 in
1756 1381 2137 1436 Taurunum
2166 1394 2259 1432 ex·

672 1464 963 1550 vcoqitarit
985 1518 1001 1543 ,
1033 1476 1296 1547 plausibili
1329 1476 1534 1546 quidem
1559 1477 1849 1546 conjectura
1870 1516 1886 1541 ,
1934 1473 2024 1528 sed
2053 1473 2261 1529 minime

672 1589 693 1624 s
726 1570 1013 1625 necessaria
1034 1608 1050 1634 ,
1079 1576 1187 1622 etc.
1220 1587 1239 1619 s
1286 1565 1397 1621 Nec
1423 1568 1538 1637 plus
1568 1575 1781 1638 apparet
1810 1564 2018 1632 ibidem,
2066 1561 2261 1619 Praeter

670 1664 803 1718 lianc
830 1661 1107 1717 MStornm
1130 1659 1377 1716 Codicum
1398 1661 1735 1715 accessionem
1758 1702 1772 1724 ,
1807 1668 2043 1729 quotquot
2089 1658 2263 1711 ltacte·

2358 557 2457 611 sita
2480 557 2571 612 sed
2599 557 2734 612 ultro
2761 556 2932 612 oblata
2955 557 3240 621 occasione,
3272 554 3326 610 in
3347 555 3444 610 ltoc
3471 553 3667 612 Nostro
3690 555 3949 616 commm-

2361 649 2492 704 tario
2519 648 2634 720 plus
2659 649 2836 721 viqinti
2867 648 3076 704 mendas
3105 647 3480 716 sustulerimus,
3506 647 3561 703 in
3587 649 3791 721 quibus,
3826 667 3952 723 qno·

2359 741 2498 796 niam
2517 741 2717 796 nullum
2742 758 2774 796 a
2800 739 2970 798 MSS.
3003 742 3153 797 unico
3180 751 3379 797 tantum
3406 743 3694 814 superstite,
3720 755 3950 816 superest

2359 831 2658 896 subsidium,
2688 833 2890 904 inqenio
2915 833 3012 905 suit
3034 833 3418 906 indulgendum.

2432 920 2500 977 ld
2530 933 2697 978 tamen
2724 924 2845 979 seiri
2885 923 3055 990 velim;
3084 940 3322 993 magnam
3362 939 3465 979 non
3498 926 3648 982 modo
3684 943 3863 982 curam
3900 930 3955 985 in

2361 1014 2456 1069 leoc
2481 1017 2852 1072 APOLOGEtho
2875 1033 2908 1070 a
2939 1015 3324 1072 'sun-rumino
3349 1016 3650 1085 adhibitam,
3677 1019 3768 1074 sed
3799 1029 3849 1075 et
3876 1021 3955 1078 tn's

2359 1103 2501 1158 idem·
2523 1106 2619 1159 ltoc
2651 1103 2935 1176 Scriptum,
2963 1107 3045 1160 liic
3072 1106 3179 1161 illic
3221 1109 3433 1176 paulam
3471 1109 3525 1162 in
3568 1109 3733 1165 verbis
3756 1120 3806 1166 et
3838 1127 3954 1168 ora·

2362 1194 2498 1250 tione
2532 1196 2873 1262 immutatum,
2919 1197 2982 1250 ab
3021 1197 3112 1251 illo
3149 1197 3205 1252 in
3247 1196 3505 1266 publicam
3545 1199 3783 1255 emissum
3822 1218 3953 1271 esse,

2362 1288 2499 1358 quod
2521 1286 2721 1343 Lectori
2744 1289 3018 1355 evidenter,
3049 1298 3105 1343 ut
3131 1298 3393 1359 putamus,
3423 1292 3714 1363 apparebit,
3752 1293 3798 1348 si
3832 1309 3957 1355 cot}-

2365 1381 2528 1451 serat,
2555 1395 2722 1448 quoea
2745 1379 2889 1435 nobis
2917 1379 3207 1448 afferuntur
3242 1381 3444 1453 paqinis
3470 1381 3596 1438 292.
3633 1386 3685 1440 b.
3725 1384 3851 1450 313.
3895 1403 3950 1443 a.

2363 1471 2492 1527 409.
2517 1473 2590 1541 b.,
2622 1482 2671 1527 et
2695 1473 2975 1544 proesertim
3001 1469 3198 1541 439,a.
3235 1475 3284 1528 b.
3316 1473 3428 1528 Nec
3472 1475 3529 1528 id
3572 1475 3760 1531 nsirum
3795 1477 3954 1533 videri

2367 1563 2529 1632 debet,
2561 1565 2758 1620 etiamsi
2796 1565 2968 1620 nullus
2994 1574 3113 1620 ante
3138 1580 3232 1621 nos
3252 1564 3608 1633 obsercaoerit,
3659 1583 3778 1622 eum
3815 1569 3951 1626 idem

2366 1667 2413 1711 et
2438 1656 2676 1712 Lucretio
2700 1668 2745 1712 et
2772 1656 2983 1713 Lucano
3012 1658 3258 1714 accidisse
3297 1659 3349 1714 in
3397 1669 3635 1729 promptu
3677 1660 3745 1716 sit
3787 1670 3955 1718 osten·

664 1771 762 1811 nus
782 1756 1013 1811 exierunt
1056 1753 1423 1809 Taurunum
1472 1751 1699 1822 Operum
1723 1792 1737 1817 ,
1770 1752 1847 1806 rel
1896 1744 2262 1808 Apozficmcn
2291 1774 2340 1835 B
2366 1746 2521 1815 dere,·
2548 1749 2775 1820 adeoque
2804 1766 2906 1804 non
2948 1749 3198 1804 immerito
3243 1747 3399 1822 Haqo
3434 1750 3526 1806 ille
3572 1748 3779 1808 Grotius
3826 1754 3959 1809 idem

667 1849 821 1917 liuius
847 1848 1113 1912 editiones,
1145 1847 1417 1918 diligenter
1448 1846 1747 1919 conquisivi,
1773 1846 1987 1910 contuli,
2018 1845 2140 1899 etin
2161 1861 2262 1915 quo

665 1939 920 1995 variarent
939 1938 1213 2003 annotavi;
1253 1947 1306 1992 ut
1349 1953 1496 1993 nemo
1542 1939 1849 2009 imparatum
1876 1953 1955 1991 me
1974 1936 2042 1990 ad
2067 1946 2263 1991 tantum

667 2031 963 2095 Auctorem,
1004 2039 1050 2085 et
1078 2039 1183 2085 tam
1209 2030 1374 2086 nobile
1397 2030 1508 2103 ejus
1540 2030 1805 2099 Scriptum
1836 2071 1850 2094 ,
1908 2030 2064 2100 quale
2079 2030 2133 2085 in
2160 2029 2266 2095 pri·

666 2124 766 2178 mis
792 2123 877 2177 liic
941 2104 1342 2179 Aponoomncus
1370 2163 1387 2187 ,
1434 2122 1706 2177 accessisse
1739 2121 1972 2176 dicturus
2008 2122 2092 2176 sit.
2120 2121 2267 2190 'Quid

666 2208 784 2268 vero
809 2207 1128 2282 proestiterim
1146 2213 1276 2281 oequi
1307 2211 1508 2268 lectoris
1544 2213 1641 2266 crit
1666 2213 1905 2283 judicare
1928 2253 1942 2277 ,
1969 2213 2057 2284 qui
2107 2213 2268 2268 sicubi

669 2305 845 2373 lapsas
866 2304 1034 2374 suero,
1054 2303 1192 2372 quod
1216 2313 1264 2358 et
1289 2304 1526 2358 maximis
1544 2314 1661 2358 ante
1686 2319 1765 2358 me
1801 2301 1932 2357 Viris
1955 2303 2009 2357 in
2034 2307 2130 2357 ltoc
2152 2304 2266 2373 ipso

668 2397 913 2468 opusculo
951 2397 1230 2467 soepissime
1251 2397 1439 2450 accidit
1461 2437 1475 2458 ,
1511 2398 1633 2451 etin
1663 2401 1759 2455 isto
1802 2396 2054 2451 scribendi
2084 2411 2269 2467 qenes-e

668 2488 847 2544 evitari
871 2503 973 2543 non
996 2497 1179 2560 potest,
1212 2487 1383 2561 facile,
1402 2497 1457 2542 ut
1483 2497 1626 2559 puto,
1659 2489 1984 2544 condonabit.

742 2580 1039 2653 Supersunt
1068 2580 1237 2636 adliuc
1272 2582 1506 2652 qnoedam
1536 2580 1753 2637 dicenda
1792 2582 1939 2648 milti,
1966 2597 2077 2649 quoe
2103 2580 2262 2653 perti·

669 2682 821 2728 neant
858 2672 928 2726 ad
960 2673 1113 2726 vitam
1152 2671 1537 2739 Τεκτυιιυωι,
1592 2689 1775 2739 mores,
1830 2673 2112 2743 opiniones,
2160 2688 2266 2727 non

668 2783 842 2822 onmes
868 2767 922 2822 in
949 2766 1321 2822 omnibas'cum
1350 2767 1635 2823 orthodoxa
1681 2766 1907 2822 Ecclesia
1947 2748 2265 2823 consentien2

669 2865 760 2924 tes,
795 2867 993 2929 tempus
1029 2873 1129 2928 auo
1163 2860 1579 2914 Amtoemtcuu
1606 2859 1741 2913 linteo
1773 2858 2054 2929 scripserit,
2087 2857 2266 2927 quibus

670 2961 789 3005 tunc
817 2951 1065 3021 partibus,
1089 2959 1136 3006 et
1161 2968 1228 3006 an
1256 2950 1489 3006 Montani
1509 2953 1660 3024 suerit
1680 2951 1938 3016 addictus,
1965 2961 2012 3006 et
2031 2967 2124 3006 cnr
2150 2950 2267 3005 ltuic

670 3043 1044 3102 Amocenco
1066 3044 1213 3115 quasi
1235 3043 1560 3099 antebulones
1594 3048 1767 3116 fecerit
1802 3043 1930 3098 duos
1964 3043 2047 3097 Aa
2080 3043 2268 3098 Natio·

670 3151 759 3191 nes
784 3134 986 3205 Libros,
1025 3135 1223 3191 «lustini
1260 3132 1508 3207 Martyris
1533 3136 1746 3200 scilicet,
1780 3144 1833 3188 nt
1873 3135 1997 3189 ntilti
2036 3134 2270 3189 observa·
2298 3146 2344 3210 C

671 3238 777 3285 tum
795 3238 893 3297 est,
918 3228 1155 3299 exetttplo
1169 3243 1191 3294 ,⁰
1216 3229 1305 3283 sed
1330 3228 1439 3283 haec
1483 3213 1669 3295 parlim
1696 3227 1897 3282 uberius
1918 3227 1985 3281 ab
2007 3228 2124 3283 aliis
2149 3243 2268 3296 per·

670 3330 889 3376 tractata
931 3329 1070 3388 sunt,
1121 3320 1307 3392 partim
1346 3321 1401 3375 in
1438 3320 1552 3391 ipso
1599 3320 1695 3375 ltoe
1738 3318 2111 3374 Commentario
2151 3333 2268 3388 per·

670 3412 1011 3484 stringuntur,
1047 3414 1235 3482 partim
1262 3412 1416 3467 etiam
1440 3415 1761 3483 proferentur
1783 3427 1816 3466 a
1839 3411 1983 3467 nobis
2004 3411 2059 3466 in
2092 3410 2271 3466 Prole-

671 3502 899 3572 9omenis'
937 3503 1005 3555 ad
1027 3503 1271 3573 reliquos,
1295 3519 1422 3573 quos
1450 3502 1693 3558 adversus
1719 3500 1904 3557 Gentes
1929 3502 2083 3556 variis
2107 3500 2268 3555 titulis

671 3594 954 3664 composuit
979 3593 1165 3660 'libros,
1203 3597 1329 3664 quos
1369 3594 1505 3648 brevi
1532 3596 1649 3663 jam
1686 3596 1731 3649 si
1774 3593 1884 3649 Deo
1925 3594 2268 3648 humanarum

673 3700 842 3739 rerum
880 3683 1071 3738 arbitro
1114 3683 1386 3754 placuerit,
1441 3683 1653 3739 Νουμᾶς
1698 3683 1903 3739 Nostris
1949 3684 2268 3755 aliorumque

672 3759 975 3842 illustratos,
1007 3775 1155 3831 edere
1178 3786 1250 3831 est
1273 3777 1494 3832 animus.
1534 3775 1605 3830 Et
1644 3792 1768 3831 sane
1812 3791 1915 3829 non
1960 3776 2264 3834 mediocrem

671 3869 849 3926 inillis
878 3869 1195 3943 diligentioris
1217 3887 1250 3924 a
1271 3867 1434 3925 Nobis
1464 3870 1682 3940 positam
1705 3883 1831 3937 esse,
1857 3869 1934 3924 vel
1955 3868 2074 3924 inde
2099 3877 2259 3939 patet,

2363 1841 2615 1912 judicium
2640 1841 2704 1897 de
2730 1840 2940 1897 Lucano
2964 1843 3094 1913 serat
3119 1843 3209 1898 lib.
3251 1841 3350 1899 vt.
3369 1860 3518 1900 versu
3549 1844 3673 1901 ¹87.
3698 1856 3963 1918 agnoscat·

2368 1931 2543 2002 quein
2571 1931 2744 1988 ntultis
2782 1932 3086 1988 Auctoribus
3121 1933 3177 1987 id
3219 1932 3471 1989 observari
3509 1951 3657 2007 posse
3694 1937 3962 1996 Conradus
4079 1957 4093 1965 ’

2374 2023 2765 2092 Rittersltusius,
2815 2027 2870 2080 in
2911 2024 3286 2082 Commentario
3335 2024 3404 2080 ad
3452 2024 3768 2097 Oppianum,
3816 2030 3963 2102 cujus

2370 2118 2520 2173 verba
2547 2117 2668 2174 inde
2694 2129 2931 2189 excerpta
2959 2119 3258 2174 exhibentur
3289 2137 3322 2174 a
3352 2119 3583 2192 Gaspare
3607 2119 3856 2194 Scioppio
3885 2121 3965 2180 De

2372 2211 2495 2264 Arte
2521 2209 2709 2265 Critica
2740 2228 2860 2284 paq.
2893 2211 2983 2267 8⁷.
3011 2212 3213 2267 invictis
3236 2213 3451 2284 denique
3465 2215 3777 2287 arqumentis
3798 2216 3964 2273 evice-

2369 2300 2436 2354 rit
2464 2317 2679 2372 maqnus
2705 2301 2992 2357 Salmasius
3012 2302 3066 2357 in
3090 2301 3244 2358 Notis
3267 2303 3337 2358 ad
3363 2303 3617 2361 Achillem
3648 2304 3872 2362 Tatium.
3915 2359 3923 2379 ,

2445 2393 2513 2449 Et
2543 2395 2650 2449 leoec
2673 2394 2874 2468 quidem
2905 2396 3313 2467 {iactenus,·qaoe
3338 2398 3384 2454 si
3400 2399 3500 2453 tibi
3539 2399 3842 2471 placuerint,
3873 2400 3967 2457 be·

2371 2487 2523 2557 niyne
2546 2485 2746 2554 Lector,
2772 2479 3102 2559 spondemus,
3128 2489 3470 2546 indesinenter
3506 2506 3711 2563 operam
3735 2501 3965 2549 nostram
4030 2519 4042 2530 ·

2371 2579 2488 2633 usui
2514 2588 2599 2634 tao
2624 2582 2974 2650 profuturam,
3009 2597 3128 2636 nam
3153 2591 3198 2635 et
3229 2581 3401 2636 sttulta'
3425 2582 3666 2638 habemus
3702 2583 3966 2654 inchoata,

2371 2673 2741 2745 setitipersecta,
2773 2674 3008 2730 absolata
3047 2675 3225 2743 etiam,
3257 2691 3375 2746 quoe
3413 2692 3515 2732 non
3547 2693 3704 2747 parco
3741 2678 3966 2735 excutie-

2373 2782 2484 2820 mus
2509 2769 2648 2834 sinu,
2677 2767 2799 2822 dum
2817 2769 3020 2824 animus
3043 2779 3091 2823 et
3117 2769 3277 2823 otium
3301 2770 3543 2841 suppetit,
3569 2779 3618 2826 et
3639 2770 3764 2826 duas

2766 2953 2910 2964 —-
3075 2923 3283 2998 integer
3302 2924 3403 2981 aevi

2447 3076 2676 3148 Sanguis
2706 3077 2863 3145 inest,
2888 3076 3178 3149 solidaeque
3203 3093 3300 3134 suo
3323 3084 3466 3134 stant
3493 3076 3690 3136 robore
3716 3078 3890 3136 vires.

2446 3235 2680 3305 Namque
2707 3244 2758 3288 ut
2785 3236 2959 3291 sobrie
2978 3235 3212 3306 praecipit
3241 3234 3555 3307 Syracusani
3598 3232 3766 3291 dulcis
3812 3233 3974 3292 ssusa

2374 3328 2646 3396 Theocriti,
2677 3327 2704 3382 1
2711 3328 2840 3402 dyll.
2869 3342 2980 3384 xiv.
3013 3344 3159 3384 versu
3187 3327 3370 3383 ultimo
3400 3342 3420 3382 .·

2613 3499 2766 3539 ποιεῖν
2788 3509 2838 3540 τι
2862 3487 2932 3540 διῖ
2960 3480 3139 3550 &derv
3165 3491 3362 3553 χλωρόν.

2370 3658 2572 3716 Dabam
2599 3677 2664 3716 ex
2689 3660 2869 3716 Museo
2889 3676 3022 3728 meo,
3042 3663 3097 3716 in
3115 3678 3253 3734 paqo
3271 3658 3403 3719 stad
3429 3676 3528 3717 aaa
3551 3660 3589 3718 ’t
3615 3658 3967 3733 Hariussvliet,

2439 3753 2493 3807 in
2524 3751 2710 3808 Insula
2744 3752 3086 3823 Overssakke,
3123 3755 3249 3824 ipsis
3273 3754 3534 3810 -Calendis
3579 3754 3729 3809 «lunii
3750 3796 3767 3824 ,
3815 3753 3968 3809 Anno

2436 3860 2725 3926 uoccxvtu.

4174 552 4193 875 -n———afl
4186 446 4193 467 -
