4242 6259
207 295 262 398 'sit'
417 329 426 352 ⁹
784 333 1011 394 utssnnranto
1029 332 1063 391 n.
1083 333 1128 392 ts
1145 336 1301 398 nounuv.
1812 350 1866 410 sta

209 433 288 511 durus
315 461 340 510 et
366 451 511 511 Simonides
538 451 612 527 lyrici
634 459 715 524 poete
737 451 848 525 inriqrres
873 450 1008 508 hahentur.
1023 448 1113 513 Anus
1126 463 1220 510 noster
1234 455 1346 527 Diogeni
1358 455 1508 527 adscribit,
1521 457 1556 515 ab
1569 458 1623 516 alia
1635 459 1759 532 ejusdem
1770 464 1861 519 nomi-

207 548 304 606 Postea
313 564 379 605 vero
386 547 420 605 ad
434 564 534 605 artuum
554 546 634 613 tate,
650 546 778 616 illerum,
794 546 869 618 cujas
882 546 1009 603 llinutius
1060 543 1121 614 nis,
1137 543 1185 601 sed
1200 544 1308 616 atheo,
1323 548 1424 620 scripta
1438 547 1524 606 luisse
1543 551 1713 620 contendas,
1729 553 1862 612 habemus

208 640 284 700 Telis
299 642 439 710 meminit,
463 652 521 715 post
542 640 665 698 Gelonem
686 640 823 714 Syracusis
846 640 1009 713 tyrannidem
1060 637 1169 710 quidem
1183 638 1338 707 AEliatturn,
1354 641 1416 713 qui,
1433 640 1693 713 inquinamentum,
1709 642 1860 715 flagitioso·

208 733 349 791 metuebat.
362 732 496 803 Quantum
511 748 576 805 ergo
595 733 668 806 prior
680 732 778 788 Thales
792 747 807 787 a
819 730 914 790 Croeso
928 731 1009 788 distat
1060 748 1122 787 rum
1136 732 1264 790 horumce
1278 732 1417 789 bominum
1429 735 1504 806 gregi
1516 734 1706 791 adnumeravit
1715 736 1861 809 Diogenem

210 813 307 914 aetate,
327 836 430 884 tantum
457 826 611 885 Simonides
626 826 713 882 eidem
735 825 846 882 Hieroni
870 826 1009 896 proximus
1060 823 1190 895 phrygem
1201 811 1315 897 (AElian.
1327 826 1371 881 til.
1386 826 1469 881 lloar.
1484 825 1566 896 ilisa,
1582 825 1781 900 §illimem
1794 846 1867 902 pre·

209 935 270 979 esse
284 920 391 976 dicitur.
407 918 475 976 Huic
487 921 568 992 igitur
582 918 714 976 Simonidi
728 918 830 989 stragis,
845 933 924 988 quam
938 918 1008 972 'lha-
1062 925 1186 987 terquam
1198 917 1271 986 quod
1284 917 1312 971 in
1324 927 1418 973 nostra
1431 916 1561 973 librorum
1576 917 1676 974 didani
1690 919 1810 979 editione
1822 923 1866 980 le·

209 1013 257 1071 leti
278 1013 452 1085 physicorum
481 1013 613 1084 principi,
638 1011 802 1068 coniventium
815 1011 904 1067 eitittae
918 1009 951 1067 tle
965 1011 1009 1067 bi·
1060 1008 1134 1078 gitur
1158 1009 1302 1081 bionysius
1319 1008 1434 1081 Phryx,
1462 1009 1553 1065 nullas
1575 1009 1653 1067 nobis
1674 1010 1863 1071 indicavitubi

208 1107 319 1164 vinitate
334 1107 510 1179 interrogatio
521 1116 549 1163 et
569 1089 722 1178 responsio.
746 1105 787 1162 hu
801 1104 859 1161 inme
872 1121 938 1161 vero
958 1104 1007 1160 th-
1062 1101 1194 1174 Diogenes
1207 1102 1269 1169 iste,
1278 1102 1335 1159 sive
1347 1102 1503 1175 Dionysius,
1515 1102 1597 1160 citata
1606 1104 1641 1162 ab
1650 1115 1864 1167 auctareuostro

209 1199 275 1255 nutii
289 1198 381 1271 opinio
396 1214 429 1254 eo
443 1197 532 1255 adhue
544 1197 649 1255 videtur
664 1197 838 1270 probabilior,
849 1197 921 1271 quod
934 1198 1010 1255 Cice·
1060 1196 1144 1252 verba
1158 1196 1384 1267 pronuntiaverit.

209 1291 285 1372 ratiis
296 1289 458 1347 :ructaritate
472 1289 633 1345 stabiliatur.
650 1288 655 1294 ’
1044 1355 1048 1363 ¹
1096 1288 1218 1344 Aliorum
1237 1302 1300 1343 tero
1317 1287 1536 1358 philosophorum
1551 1289 1668 1347 maxima
1687 1287 1738 1346 luit
1750 1289 1787 1347 de
1808 1291 1864 1350 lieo

243 1382 336 1454 Neque
347 1382 451 1438 dixeris
462 1382 592 1452 pltrrimos
602 1382 629 1437 in
640 1381 794 1439 Eusebiano
804 1380 938 1440 Chronico
948 1396 1010 1440 esse
1061 1381 1219 1452 opinionum
1239 1379 1363 1436 varietas
1375 1390 1402 1435 et
1422 1381 1575 1438 dissensio:
1600 1381 1653 1435 dlii
1673 1381 1751 1450 enim,
1776 1383 1864 1455 inquit

207 1475 234 1532 in
251 1474 409 1547 assigrtatvda
423 1475 566 1531 illustrium
579 1475 697 1531 virorum
711 1485 791 1532 atate
805 1491 931 1544 errores:
947 1491 1009 1531 nam
1062 1474 1261 1541 Tertullianus,
1280 1475 1408 1529 nimirum
1421 1472 1563 1540 Platonici,
1578 1474 1765 1547 incorporalem
1778 1476 1863 1533 beuta

207 1572 363 1642 quicunque
400 1568 438 1623 illi
462 1567 537 1636 sint,
566 1583 647 1624 uerno
666 1583 733 1624 sane
756 1569 866 1640 negabit
889 1569 1010 1627 Thaletis
1062 1576 1206 1622 evomerem
1228 1567 1237 1637 (
1258 1566 1404 1638 Apoloqet„
1427 1584 1485 1637 cup.
1508 1567 1559 1634 ΙΙ,
1580 1584 1640 1639 paq.
1661 1569 1715 1625 5¹5
1733 1566 1755 1641 ).
1783 1569 1865 1628 Visne

208 1661 314 1733 physici
334 1661 473 1731 Croesique
498 1668 619 1731 tempora
634 1662 749 1732 anaqiss
771 1675 801 1717 se
828 1662 943 1718 invicem
961 1678 1009 1719 se·
1062 1658 1179 1730 aliquem
1193 1659 1239 1713 tibi
1255 1668 1353 1715 testem
1373 1657 1507 1728 prolerril
1522 1658 1563 1713 En
1585 1658 1663 1716 adest
1681 1660 1863 1734 Cicero,'qtti

208 1753 297 1825 jtntgi,
312 1769 393 1826 quarn
409 1765 437 1810 ut
451 1752 533 1810 simul
551 1753 654 1810 vixisse
667 1754 799 1810 dicautur.
816 1751 871 1811 Nec
882 1764 924 1812 est
938 1755 1010 1824 qaod
1062 1752 1195 1810 Velleiuru
1216 1753 1257 1808 sic
1274 1751 1309 1808 de
1329 1751 1442 1808 Platone
1465 1752 1618 1823 loquentem
1649 1752 1769 1810 induxit:
1787 1754 1864 1823 Quod

208 1858 306 1915 urucas
317 1853 512 1901 memorantem
518 1843 725 1915 responsionem
734 1845 839 1902 Thaleti
847 1846 1010 1919 philosopho
1023 1845 1048 1906 B
1063 1859 1120 1899 tero
1133 1844 1306 1915 tinctorem
1319 1843 1373 1898 ”110
1389 1841 1473 1898 Deum
1484 1843 1538 1899 vidi
1551 1860 1615 1909 2⁸⁸0,
1635 1854 1664 1899 *ti
1677 1843 1759 1901 δηθά
1775 1846 1864 1902 dicunt

209 1946 234 1991 ct
249 1935 422 2008 physicorum
436 1935 552 2007 principi
561 1944 634 1993 recte
646 1951 808 2009 eottqruere,
822 1938 933 1996 minime
945 1954 1010 1997 vero
1063 1945 1207 2008 dannanus,
1226 1938 1254 1992 id
1272 1937 1348 2007 quale
1377 1954 1430 1993 ease
1456 1939 1550 2009 poerit,
1574 1937 1685 2011 intelliqi
1705 1955 1757 1994 uon
1782 1948 1864 2011 potere

208 2027 358 2094 Simonidi,
382 2029 429 2100 qui
444 2029 567 2101 poeticae,
581 2041 611 2085 ut
623 2027 686 2085 alibi
696 2028 829 2097 vidimus,
842 2045 951 2102 operam
963 2030 1011 2088 da·
1061 2029 1156 2103 (Cicer.
1173 2031 1192 2086 l.
1208 2029 1216 2084 l
1231 2031 1263 2085 de
1277 2030 1466 2098 Natumdeom,
1480 2047 1541 2102 paq.
1552 2028 1618 2099 aba,
1631 2031 1651 2086 l.
1665 2030 1746 2104 ΙΙΙΙΙ).
1761 2032 1861 2090 Eadem

209 2125 255 2182 bat
270 2123 415 2198 (dissertat.
427 2125 454 2179 iu
464 2122 565 2180 dlinue.
574 2122 678 2193 Oetam,
692 2140 751 2196 eap.
765 2124 793 2194 3,
803 2136 853 2180 art.
866 2125 933 2192 2;et
947 2134 1008 2181 torri.
1062 2123 1097 2181 de
1109 2123 1162 2181 hoe
1171 2122 1395 2195 pbilosophorum
1406 2122 1527 2194 principe
1539 2130 1632 2178 narrat
1643 2121 1767 2179 Laertius
1781 2142 1788 2180 z
1802 2121 1865 2194 Opi·

208 2215 230 2274 l.
247 2218 373 2289 Apparet.
385 2234 446 2290 paq.
462 2214 555 2289 titt).
576 2203 643 2272 Natu¹
656 2224 748 2287 poetae
762 2215 834 2289 apud
848 2215 971 2274 ethnicos
982 2218 1010 2273 in
1062 2226 1153 2283 natur,
1168 2216 1270 2288 inquit,
1283 2215 1407 2280 animiam,
1416 2215 1480 2270 sicut
1496 2213 1589 2282 Deum,
1601 2231 1655 2271 etse
1675 2215 1863 2288 incorporalem

213 2310 398 2382 theologorum
411 2309 580 2366 Trahebantur
593 2323 718 2374 nunteao.
1062 2318 1189 2381 deoperto
1218 2311 1280 2364 tinen
1299 2307 1412 2380 (laert.
1439 2309 1485 2363 lio.
1515 2307 1571 2376 ΙΙΙ,
1600 2309 1628 2363 itt
1662 2308 1722 2364 Vita
1744 2308 1865 2381 Platon,

247 2403 366 2475 benique
389 2401 527 2470 llinmius,
554 2399 694 2459 Ciceronis
720 2400 878 2457 testimonio
903 2400 1008 2470 lectus,
1064 2404 1160 2478 57¹1).
1183 2403 1291 2461 Laertio
1310 2412 1400 2458 autem
1425 2401 1599 2468 Plutarchus,
1621 2399 1773 2472 Eusebius,
1789 2404 1864 2475 ilpu-

211 2495 297 2568 potuit
309 2493 478 2563 Tertulliani,
494 2494 601 2550 tametsi
615 2494 701 2565 plura,
714 2493 784 2549 sieut
797 2491 1009 2562 observavimus,
1063 2498 1142 2566 leius,
1158 2495 1242 2554 etalii
1259 2493 1438 2565 suffragantur
1450 2490 1617 2562 (Plutarch,
1634 2492 1679 2549 lii.
1697 2493 1752 2550 lde
1764 2492 1862 2551 Placia.

211 2601 243 2642 cr
258 2586 316 2658 rjus
335 2585 411 2642 libris
426 2585 610 2654 excerpserit,
625 2584 698 2641 ltarta
711 2583 850 2656 corrigere
873 2583 908 2639 de
923 2584 1010 2655 primo
1064 2590 1227 2663 ptiiloroph„
1237 2605 1297 2659 rap.
1316 2587 1342 2654 7,
1359 2603 1421 2658 paq.
1443 2584 1506 2652 sah
1529 2584 1625 2641 Numi.
1640 2596 1707 2642 orat.
1721 2587 1860 2657 Conuaut,

210 2679 323 2735 Thalete
335 2688 362 2735 et
374 2678 468 2736 citeso
482 2678 649 2751 opinionem.
674 2678 708 2734 Et
721 2690 795 2734 certe
819 2676 954 2749 quomodo
968 2676 1011 2734 hic
1063 2682 1185 2756 puqdbt)
1197 2698 1204 2748 ;
1218 2680 1388 2737 Pletoniam.
1403 2678 1448 2746 ΙΙΙ,
1463 2695 1523 2750 paq.
1539 2678 1635 2749 ntes,
1647 2688 1672 2734 et
1683 2680 1746 2736 allii
1757 2681 1861 2752 Apulei.

210 2772 308 2829 Thales
330 2771 364 2829 de
386 2772 529 2828 bivinitate
548 2771 728 2843 interrogatus
749 2770 816 2826 nibil
844 2769 1011 2842 respondere
1063 2775 1094 2830 de
1104 2774 1170 2831 lieo.

208 2881 289 2924 ausus
300 2864 406 2932 suisset,
418 2865 475 2938 qui,
485 2865 556 2921 sicut
568 2863 631 2920 alibi
646 2874 705 2935 post
715 2864 840 2920 eurrrdem
852 2862 1010 2919 Ciceronem
1098 2865 1301 2935 Quantumlibet
1319 2876 1409 2922 autern
1427 2882 1489 2924 vera
1503 2866 1538 2922 sit
1556 2865 1616 2923 baec
1630 2864 1738 2936 opinio,
1754 2866 1789 2922 ab
1803 2866 1862 2923 aliis

209 2958 414 3027 attrrntnvhnus,
431 2966 484 3013 min
510 2965 585 3013 certo
610 2972 690 3029 quam
712 2955 782 3013 salso
802 2957 894 3012 docuit
912 2970 1010 3027 aquam
1064 2968 1152 3016 tamen
1175 2960 1321 3031 gentilibus
1345 2958 1512 3030 philosophis
1527 2960 1627 3030 reiecta
1645 2968 1697 3015 est.
1715 2957 1783 3014 Nam
1800 2959 1863 3017 vel·

209 3067 270 3111 esse
281 3067 370 3109 rerum
382 3035 501 3107 attritioni
516 3050 641 3118 initiunt,
656 3066 688 3106 ac
701 3051 786 3107 beant
800 3056 917 3106 merrtem
929 3064 1007 3118 esse,
1061 3050 1129 3107 leius
1140 3050 1210 3121 apud
1223 3050 1391 3119 Ciceronem,
1405 3052 1444 3106 uti
1459 3066 1522 3107 mox
1536 3051 1703 3120 dicebamus,
1712 3051 1860 3108 coattende·

208 3162 268 3219 qua:
281 3163 315 3203 ex
336 3161 404 3218 aqua
415 3145 505 3200 omitia
521 3143 647 3200 iortnarit
660 3144 765 3215 (Clean,
780 3144 824 3200 tto.
839 3142 851 3198 Ι
864 3142 896 3197 de
909 3141 1008 3198 Natur.
1061 3140 1107 3196 bat
1121 3142 1232 3213 intelligi
1242 3157 1294 3198 non
1309 3158 1388 3213 posse
1400 3142 1463 3213 quid
1479 3142 1591 3214 qualeve
1603 3146 1638 3198 sit
1652 3144 1723 3214 quod
1738 3143 1861 3215 incorpo·

208 3238 300 3304 deon,
315 3255 373 3310 paq.
391 3238 462 3305 ¹993
479 3235 617 3292 dissertat.
632 3237 659 3292 in
671 3235 770 3290 Minui.
785 3253 843 3307 cap.
859 3235 894 3303 l,
911 3244 962 3290 art.
979 3236 1006 3302 Ι,
1020 3232 1044 3298 C
1060 3250 1136 3290 reum
1150 3243 1260 3289 roratur
1280 3233 1418 3305 (Saurea,
1430 3233 1524 3300 Cicer„
1542 3236 1591 3289 loe.
1603 3236 1647 3290 eit.
1666 3235 1687 3306 ).
1701 3233 1794 3306 Neque
1815 3235 1861 3291 alii

210 3341 233 3387 ot
257 3333 283 3385 in
296 3329 412 3387 metant.
429 3348 488 3403 rap.
512 3330 561 3399 ta,
574 3339 625 3386 art.
652 3332 692 3404 Ι).
707 3330 794 3387 Neruo
814 3338 905 3385 autem
930 3328 1009 3387 nobis
1060 3324 1141 3381 etiarn
1155 3323 1308 3397 philosophi
1320 3326 1454 3395 explicare
1469 3335 1683 3398 potueruntqua:
1697 3326 1733 3382 sit
1744 3324 1858 3415 verarei

209 3424 333 3496 probavit
345 3424 419 3481 lllttttt
439 3424 473 3481 de
495 3422 702 3493 bacsententia,
712 3434 758 3478 aut
771 3420 915 3494 aliquando
928 3420 1008 3477 dubi·
1060 3417 1228 3489 incorporee
1239 3418 1299 3474 idea
1310 3427 1338 3475 et
1350 3420 1435 3474 notio.

210 3526 304 3585 tasse,
319 3526 365 3572 aut
388 3532 448 3574 earu
463 3531 580 3587 unquam
593 3524 723 3572 mutasse.
737 3514 766 3572 Si
780 3513 839 3587 quis
849 3528 931 3584 porro
943 3511 1009 3569 illud
1095 3509 1178 3567 Stoici
1193 3525 1270 3576 vero,
1287 3511 1373 3581 pergit
1390 3512 1493 3566 ductor
1509 3518 1611 3578 noster,
1629 3510 1714 3567 Deum
1729 3523 1859 3583 corpora·

210 3609 314 3668 debeo
332 3625 491 3683 responsum
505 3609 610 3686 Thaleti
624 3607 743 3667 secundo
762 3606 934 3665 tribuendum
947 3621 1009 3664 esse
1061 3602 1114 3658 lem
1137 3616 1198 3658 esse
1221 3601 1403 3672 predicarent
1422 3601 1433 3675 (
1451 3599 1606 3658 Tertulliun.
1632 3601 1781 3674 apologet„
1795 3619 1857 3674 cup.

165 3721 171 3726 ·
216 3702 379 3776 probaverit,
391 3703 571 3760 delendaesse
585 3700 710 3760 ostendet
719 3716 755 3758 ex
766 3699 923 3757 Tertulliani
935 3706 1009 3755 textu
1060 3695 1125 3764 515,
1149 3705 1210 3751 tout.
1239 3694 1414 3767 lelpparut,
1439 3694 1484 3750 di.
1524 3693 1580 3763 ΙΙΙ,
1608 3696 1708 3751 diesem
1742 3697 1778 3765 l,
1800 3712 1860 3768 cap.

145 3779 147 3784 ⁵
207 3797 267 3855 laec
293 3797 374 3854 verba
390 3796 579 3869 :Phptieorum
606 3796 733 3867 princepe.
758 3793 905 3859 Caeterum,
917 3791 1009 3863 cujus·
1060 3790 1106 3859 ΙΙ,
1117 3799 1168 3845 art.
1188 3788 1222 3858 ξς
1239 3788 1376 3845 dissertat.
1391 3790 1419 3845 in
1433 3787 1540 3856 iiiam,
1555 3805 1613 3861 cap.
1632 3790 1660 3858 Ι,
1675 3798 1726 3847 art.
1743 3789 1807 3864 lb).
1822 3792 1861 3849 lle
1881 3797 1884 3802 ‘

207 3907 323 3964 cumque
350 3890 501 3963 philosophi
525 3888 604 3946 luerit
627 3889 672 3945 illa
693 3888 851 3961 responsio,
866 3887 926 3958 quis
947 3902 1007 3944 eam
1058 3884 1112 3940 bae
1130 3890 1220 3940 numm
1240 3883 1392 3941 Stoicorum
1413 3884 1557 3955 opinione,
1574 3900 1634 3956 qute
1653 3886 1727 3953 suis,
1751 3896 1861 3958 propter

206 3971 241 4041 ab
255 3986 302 4041 illo
316 3986 452 4041 adsertam
465 4000 525 4041 esse
540 3984 566 4040 itt
581 3983 691 4040 dubium
712 3981 840 4040 vocabit?
855 3981 945 4037 Palam
957 3980 1008 4054 igi·
1059 3979 1167 4035 illorum
1183 3979 1389 4050 repugnantias,
1403 3977 1606 4035 tliiitcultatilms
1625 3994 1678 4035 tion
1698 3989 1787 4049 caret,
1809 3995 1860 4038 nos

207 4087 250 4135 tur
262 4077 404 4134 cottiessus
415 4086 457 4133 est
469 4077 587 4149 ignotam
600 4075 650 4131 sibi
662 4075 742 4131 luisse
754 4074 935 4130 bivitvitatem.
1059 4072 1125 4127 alibi
1141 4070 1348 4141 disputavimus.
1364 4070 1459 4126 Plures
1471 4080 1562 4127 autem
1576 4072 1728 4140 citavimus,
1735 4056 1784 4144 'qui
1795 4073 1858 4131 illos

243 4176 271 4231 lu
295 4173 414 4231 secundo
436 4182 524 4228 autern
540 4170 573 4227 ad
587 4169 717 4226 Nationes
734 4168 803 4225 libro
826 4167 1008 4224 Tertullianus
1058 4164 1086 4220 in
1102 4163 1304 4220 huncerroretn
1316 4178 1409 4219 resera
1421 4162 1510 4233 lapsos
1523 4162 1605 4220 luisse
1616 4165 1802 4222 testificantur.

206 4267 313 4325 Thaleti
329 4267 460 4338 praetirisit
471 4266 635 4337 Diogenem,
650 4264 694 4335 qui
707 4265 839 4318 contraitur
850 4261 911 4332 quid
922 4262 947 4315 r'tt
958 4276 1009 4315 eae·
1096 4256 1270 4327 Prosequitur
1284 4254 1480 4312 Tertullianus:
1496 4255 1559 4321 dlii,
1575 4256 1700 4313 trirnirum
1724 4259 1857 4331 Epicurus

196 4361 239 4439 dis
260 4371 352 4434 opatu:
375 4359 503 4433 (ipsamet
523 4367 588 4414 sunit
609 4357 682 4413 iliius
703 4354 820 4428 verba):
844 4354 1006 4424 Nunquam,
1059 4351 1173 4423 ejusque
1185 4358 1343 4416 sectatores,
1357 4364 1388 4403 ea
1399 4347 1500 4415 utottrir,
1516 4348 1563 4404 alii
1573 4365 1606 4404 ea
1626 4353 1750 4419 neuterio,
1761 4368 1859 4424 quem·

208 4453 313 4524 inquit,
336 4454 364 4508 iu
387 4451 478 4507 ooelttm
508 4447 764 4523 udoeettdilTertull.
781 4447 826 4502 lib.
850 4446 873 4502 ΙΙ
892 4445 1004 4502 adNat.
1059 4441 1204 4497 admodum
1233 4438 1416 4510 Pythagoras,
1432 4439 1479 4492 alii
1506 4455 1539 4494 ea
1558 4440 1716 4511 ique,sieut
1736 4441 1859 4500 lleraeli·

206 4561 270 4615 ιαμ.
296 4543 345 4616 ἢ).
375 4543 453 4611 ltern,
480 4560 513 4598 nn
547 4544 585 4598 dii
609 4550 692 4598 errent
715 4557 725 4596 .·
749 4539 861 4607 Nescio,
896 4554 1008 4609 respon·
1061 4544 1113 4603 tus,
1130 4535 1215 4591 licum
1228 4540 1353 4588 cotrstare
1367 4531 1721 4606 garriebantlTertullian,
1736 4533 1786 4590 loe.
1798 4536 1856 4606 ria,

207 4636 265 4700 dit,
279 4637 328 4691 uiri
342 4645 370 4691 ut
388 4637 438 4691 sirit
451 4635 587 4706 capedine,
605 4635 657 4689 hoc
671 4641 723 4700 est,
737 4631 834 4689 Nescio
844 4674 851 4700 ,
863 4631 912 4689 sed
925 4647 1006 4690 cune-
1017 4625 1046 4688 1)
1058 4640 1121 4685 torn.
1135 4627 1154 4696 l,
1169 4627 1306 4699 Apparat,
1317 4643 1378 4698 paq.
1393 4625 1466 4691 lii:
1481 4624 1616 4682 dissertat.
1638 4627 1666 4680 in
1685 4625 1781 4684 Ninus.
1806 4627 1857 4684 loe.

207 4728 242 4784 tis
253 4727 317 4784 utile
331 4736 372 4784 est
382 4737 409 4783 et
423 4725 530 4799 expedit
543 4726 610 4783 deos
622 4723 759 4782 esse.Non
770 4724 885 4781 multum
898 4725 1006 4796 quidem
1059 4723 1104 4777 eit.
1124 4719 1260 4776 dissertat.
1275 4717 1516 4792 inLaetun1.,enp.
1533 4719 1578 4785 te,
1594 4727 1644 4773 art.
1660 4717 1698 4790 Ι).
1712 4718 1746 4775 Ni
1766 4729 1857 4778 autem

206 4802 221 4882 a
238 4819 327 4891 priore
338 4835 468 4888 responso
477 4818 543 4874 illud
555 4819 650 4886 abest,
663 4817 736 4889 quod
750 4832 765 4872 a
780 4816 899 4888 Diogene
909 4818 1008 4889 opinion
1059 4830 1156 4873 ornnes
1179 4797 1358 4886 opinabantur
1382 4827 1413 4869 ea
1437 4826 1498 4868 esse
1525 4812 1611 4882 prima
1631 4827 1721 4868 rernm
1736 4814 1858 4869 omniurn

206 4911 308 4969 bortrini
326 4910 360 4968 de
386 4911 542 4969 celestibus
571 4910 713 4967 disserenti
733 4909 824 4966 datum
835 4909 959 4967 laertius
968 4909 1008 4968 sie
1061 4909 1201 4981 principia,
1214 4923 1264 4964 nce
1278 4907 1346 4963 alios
1358 4921 1418 4962 esse
1432 4903 1509 4974 deos,
1521 4914 1551 4962 ut
1562 4904 1626 4961 alibi
1640 4921 1690 4963 nec
1701 4908 1785 4966 sentel
1799 4908 1858 4980 qui·

205 5004 295 5061 retulit
308 5023 314 5060 :
329 5010 444 5067 noemia,
456 5013 529 5078 nepte
541 5010 591 5061 dno
612 5012 660 5081 τοῦ)
671 5009 779 5077 οὐρανοῦ,
795 5002 965 5072 Quandonam
977 5003 1010 5060 de
1048 4995 1122 5059 'uem
1135 5002 1381 5059 animadvertimus.

205 5097 269 5178 coelo
281 5097 371 5153 uenisti
380 5096 478 5169 (baert.
487 5095 560 5153 ΙὶΙΙΙ.
571 5097 604 5152 de
615 5095 666 5153 vn.
676 5096 790 5170 bioq.,§
806 5097 871 5170 abt?
885 5098 920 5154 ht
934 5096 1007 5164 ride,
1096 5095 1189 5168 Neque
1204 5095 1293 5150 minus
1305 5092 1445 5150 maniieste
1457 5091 1630 5164 probavituus
1643 5094 1731 5152 varias
1743 5136 1751 5162 ,
1764 5103 1793 5153 et
1805 5096 1859 5153 sibi

207 5206 319 5263 quaeso,
336 5199 426 5247 utrum
440 5206 455 5245 a
468 5173 588 5247 seruttda
610 5189 716 5261 longius
731 5189 801 5245 absit
815 5188 875 5245 hae
887 5188 1009 5260 ejusdem
1061 5190 1176 5247 invicem
1196 5187 1333 5261 oppositas
1355 5187 1437 5243 luisse
1462 5186 1682 5259 philosophorum
1697 5186 1733 5245 de
1756 5187 1858 5258 divina,

207 5282 333 5354 bingensis
342 5283 489 5340 sciscitanti
498 5283 585 5357 Lysis:
596 5282 857 5355 pharmacopolam
870 5281 936 5338 deos
948 5295 1010 5339 esse
1062 5283 1131 5340 sieut
1144 5283 1181 5338 ait
1190 5280 1383 5348 Tertullianus,
1398 5278 1566 5351 providentia
1581 5279 1725 5351 opiniones
1740 5297 1747 5333 :
1762 5280 1858 5336 Plato·

145 5399 152 5408 ·
206 5377 351 5440 crederet,
367 5378 508 5449 responsio
526 5396 533 5433 ι
548 5386 600 5439 ttae
625 5381 650 5434 oi
663 5386 760 5446 νομίζω,
774 5383 834 5432 ὅπου
853 5383 893 5431 mi
904 5399 929 5430 ss
948 5380 1009 5436 teste
1062 5373 1114 5428 uici
1140 5372 1222 5438 ettitn,
1237 5372 1323 5442 inquit
1333 5371 1387 5438 ille,
1403 5382 1532 5426 curantem
1542 5387 1627 5425 rerum
1640 5387 1648 5438 ς
1660 5381 1748 5426 contra
1763 5369 1861 5442 Epicu·

205 5481 289 5546 ipdpiv
304 5479 473 5542 malopassu,
491 5469 625 5539 Quonrodo
634 5487 686 5525 :ton
698 5470 785 5537 credo,
799 5471 842 5541 qui
852 5480 876 5525 te
896 5471 946 5525 diis
958 5469 1010 5525 lui·
1060 5470 1098 5526 rei
1108 5469 1216 5525 otiamm
1230 5478 1254 5522 et
1267 5466 1441 5532 ineaereiturn,
1457 5474 1481 5520 et
1501 5476 1529 5519 ut
1542 5465 1579 5518 itu
1589 5464 1713 5531 dixerim,
1734 5464 1861 5519 nentitiem

205 5566 300 5621 aticum
322 5565 800 5641 outotlhtd.,§tn)t1lostamen
822 5565 945 5624 Laertius
960 5567 1009 5623 ibi·
1062 5564 1181 5621 duumuir
1207 5563 1282 5618 rebius
1304 5577 1358 5616 esre
1385 5558 1558 5631 predicabant
1585 5556 1763 5628 (Tertulliani.
1786 5557 1857 5629 dpo·

206 5659 671 5718 demadntonethanesententiatn
689 5657 770 5740 tribui
790 5658 1008 5733 Theodoro,qui
1059 5661 1150 5731 loqu,
1176 5674 1234 5727 cap.
1260 5657 1306 5724 ΙΙ,
1333 5665 1357 5711 et
1384 5655 1428 5711 lib.
1459 5653 1481 5710 ΙΙ
1509 5653 1544 5710 ad
1574 5652 1693 5722 Notion,
1710 5669 1769 5724 cap.
1797 5652 1851 5725 Ι).

206 5749 280 5812 haue
294 5750 376 5809 dubie
390 5752 503 5821 atheus,
518 5763 549 5809 ut
571 5750 681 5809 anobis
694 5751 765 5808 baud
778 5752 861 5809 semel
880 5751 1008 5810 observa·
1060 5752 1100 5812 De
1124 5751 1236 5811 Platone
1261 5751 1284 5806 si
1312 5750 1390 5821 plura
1413 5748 1492 5817 velis,
1526 5747 1569 5805 atli
1598 5747 1746 5814 laertium,
1761 5754 1791 5803 et
1812 5745 1859 5802 di-

207 5853 283 5914 tutu,
298 5844 504 5918 cognominatus
521 5854 574 5907 est.
590 5843 663 5904 Siea
678 5854 767 5903 tamen
782 5859 843 5917 qute
861 5829 1024 5909 'tertullio'
1059 5844 1271 5909 contemnentes
1290 5854 1387 5904 :stesso
1408 5845 1448 5900 nul
1467 5850 1530 5907 urso,
1550 5837 1635 5916 tpupss»
1654 5842 1861 5918 nemeaeum.
