4242 6259
171 359 241 423 sarr
304 370 344 390 -·
723 313 724 316 Ὺ
784 358 890 419 ornan
907 355 1212 421 nurmutrrrtrta.
1749 360 1824 423 asts

171 491 223 536 nns
233 475 391 551 periculosis
398 474 735 557 nosmetipsosinferanus
744 475 793 552 (nl,
799 486 828 535 ct
836 478 859 537 sl
874 478 970 536 iterun
985 477 1067 539 dest
1079 480 1186 536 animus
1197 476 1397 552 desperatione,
1411 478 1436 537 si
1448 477 1573 538 sunnia
1585 479 1646 552 ruis
1655 478 1823 551 penitentie

170 573 277 630 evasuri
289 572 422 629 ridemur.
447 572 575 644 Plerique
593 570 737 644 naufragio
755 570 971 629 liberatiexindo
1018 570 1129 630 debitor
1142 571 1242 630 fuerit:
1258 573 1346 646 pigeat
1357 586 1656 645 sanepeccarerorsus.
1667 572 1716 630 scd
1726 587 1822 631 rursus

170 664 449 737 repudiumctnarict
460 664 687 738 mendicentur),
698 672 726 722 et
735 665 782 722 Dei
795 663 967 733 beneficium,
1020 664 1156 736 penitere
1191 678 1246 721 non
1281 665 1393 737 pigeat:
1409 665 1499 737 pigeat
1532 664 1629 721 iterum
1663 665 1821 736 periclitari,

169 758 283 816 salutern
309 772 386 814 snam
413 758 529 828 scilicet,
554 759 683 816 memoria
696 759 809 831 periculi
823 759 966 817 bonoram.
1017 755 1070 813 sed
1095 756 1261 815 nouiterum
1275 756 1394 815 liberari.
1410 758 1557 816 Neminem
1574 756 1694 830 pudeat;
1719 758 1822 815 iterate

169 849 261 907 Laudo
274 850 410 916 timorem,
426 850 508 924 diligo
530 849 731 921 uerecundiam,
749 852 846 910 nolunt
872 854 970 911 iterum
1022 846 1183 904 ualetudinis
1210 846 1330 905 iteranda
1344 848 1477 907 medicina
1496 855 1539 906 est
1553 865 1561 904 r
1573 857 1666 921 gratos
1678 846 1705 903 in
1728 848 1820 905 bonti-

169 940 266 1013 diriosc
276 942 466 1002 misericordie
473 943 786 1004 oueriessetlormidant
794 945 878 1006 rideri
888 946 970 1003 incul
1022 955 1087 996 num
1098 938 1141 1012 (l)
1161 940 1308 1011 exstiteris,
1331 941 1355 997 si
1371 940 1442 1011 guod
1456 942 1503 1002 tibi
1519 941 1648 998 Dominus
1662 941 1752 1009 offert,
1767 956 1820 999 nou

167 1046 240 1101 care,
254 1032 326 1104 quod
350 1034 490 1092 consecuti
512 1019 575 1092 suut
590 1050 598 1092 ι
614 1035 684 1092 bona
699 1045 774 1093 certe
787 1036 970 1095 sollicitudine
1020 1032 1362 1103 reeusamriszoffeadisti,
1378 1033 1427 1091 sed
1440 1034 1607 1092 reconciliari
1621 1032 1711 1092 adlruc
1731 1043 1818 1106 potes.

166 1125 266 1183 itemm
280 1124 397 1197 experiri
415 1126 502 1183 ritant
514 1125 587 1200 quod
599 1128 684 1185 semel
696 1127 848 1187 didicerunt
860 1129 967 1186 tintere.
1014 1124 1110 1184 liabes
1123 1126 1167 1184 cui
1182 1127 1341 1195 satisfacias,
1355 1127 1503 1199 etquidem
1518 1126 1666 1184 uolentem.

167 1218 206 1278 lta
218 1218 316 1278 modus
330 1220 499 1290 temeritatis,
511 1221 621 1279 testatio
632 1229 676 1279 est
689 1220 804 1279 timoris.
817 1220 912 1279 'rimor
921 1237 970 1279 au·
1316 1217 1432 1276 CAPUT
1448 1218 1514 1275 (ΙΙΙ.

167 1320 222 1371 tcru
237 1312 365 1379 bominis,
379 1312 427 1371 lici
442 1313 528 1371 honor
551 1322 602 1371 est.
617 1313 758 1372 Sedenim
782 1312 967 1386 pervicacissi·
1054 1310 1084 1367 ld
1099 1312 1122 1369 si
1144 1311 1271 1379 dubitas,
1282 1312 1377 1370 croire
1390 1327 1450 1385 qua
1473 1312 1589 1385 Spiritus
1604 1311 1734 1369 Ecclesiis
1747 1311 1821 1369 dicat

166 1417 228 1464 xnus
240 1405 326 1463 hostis
347 1405 403 1475 ilio,
417 1412 563 1479 ‘nunquam
577 1405 687 1463 malitias
712 1420 769 1463 suae
783 1409 867 1463 otium
892 1405 966 1465 fucit.
1020 1399 1124 1476 (apoc,
1141 1401 1162 1470 l,
1173 1403 1206 1470 ll,
1219 1403 1276 1477 ΙΙΙ).
1288 1405 1426 1462 Desertam
1436 1405 1605 1462 dilectionem
1629 1403 1752 1476 Eprbcsiis
1766 1405 1820 1460 iur-

172 1499 272 1571 Atquin
296 1507 361 1556 tutte
385 1489 502 1556 tuaxime
525 1500 613 1571 seru,
639 1514 701 1557 eum
726 1499 863 1557 bominem
887 1499 967 1570 plene
1018 1504 1105 1566 putat,
1122 1504 1245 1566 stuprum
1266 1503 1295 1553 et
1318 1495 1526 1570 idolothytorum
1551 1512 1628 1555 esum
1647 1496 1819 1571 Thyatirenis

166 1590 251 1648 sentit
262 1589 402 1648 liberatum
416 1589 469 1664 (ι);
483 1599 548 1649 tunc
565 1590 710 1664 plurimum
722 1591 888 1660 accenditur,
901 1592 965 1648 dum
1017 1587 1173 1659 exprobrat,
1189 1588 1290 1646 Sardos
1301 1589 1342 1662 (5)
1353 1604 1407 1646 nnn
1422 1589 1562 1661 plenorum
1579 1604 1692 1661 operum
1703 1590 1818 1658 incusat,

165 1682 339 1755 extinguitur.
357 1684 453 1743 Doleat
473 1693 502 1742 et
516 1685 672 1758 ingemiscat
685 1699 796 1743 necesse
823 1693 876 1754 est,
887 1685 965 1743 uenia
1018 1677 1198 1751 Pergamenos
1220 1680 1348 1738 docentes
1369 1696 1494 1751 perversa
1517 1682 1843 1760 repreltertdiubaodip

164 1782 338 1846 peccatorum
360 1777 500 1848 permissa,
522 1785 563 1835 tot
589 1777 616 1834 in
635 1777 744 1835 bomine
765 1777 859 1834 mortis
881 1790 965 1850 opera
1017 1787 1101 1831 cenos
1114 1773 1227 1831 fidentes
1236 1773 1337 1831 diuitiis
1352 1774 1475 1848 obiurgat
1490 1794 1498 1832 ι
1513 1787 1540 1833 ει
1559 1784 1649 1833 tauron
1671 1790 1764 1831 omncs
1782 1775 1817 1832 ad

164 1865 264 1933 diruta,
291 1877 332 1925 tot
360 1868 453 1926 titulos
476 1871 656 1929 damnationis
679 1878 753 1929 retro
774 1885 832 1927 susc
857 1885 961 1930 erasos.
977 1843 1002 1905 Β
1016 1868 1201 1940 penitentiam
1225 1876 1390 1935 commonet,
1410 1868 1461 1925 sub
1482 1865 1736 1925 comminationibus
1759 1869 1818 1940 quii·

164 1957 242 2016 butu
255 1960 327 2031 quod
339 1962 427 2032 ipsum
439 1971 467 2019 et
480 1962 591 2035 angelos
604 1962 674 2035 ejus,
689 1962 790 2021 Christi
811 1977 906 2020 seruus
922 1961 964 2023 iili
1015 1961 1089 2017 dem.
1115 1959 1174 2017 Non
1192 1959 1400 2018 comminaretur
1424 1968 1514 2017 autern
1542 1974 1596 2018 nou
1622 1960 1771 2031 puntrcnrt,
1793 1961 1816 2016 si

163 2060 288 2121 pmcaur
301 2052 533 2126 judicaturosest.
549 2056 641 2129 ltuque
658 2055 794 2124 obseruat,
813 2066 961 2131 oppugnat,
1015 2069 1069 2112 non
1083 2055 1235 2126 ignosceret
1254 2053 1403 2125 penitenti.
1421 2053 1546 2120 flubium,
1574 2052 1598 2108 si
1621 2068 1676 2108 non
1700 2059 1730 2110 et
1750 2052 1816 2110 alibi

162 2143 279 2214 obsidet,
293 2147 318 2205 si
340 2162 393 2220 qua
409 2147 556 2220 possitaut
566 2149 659 2206 oculos
672 2148 890 2220 coucupiscentia
903 2164 964 2208 car·
1014 2146 1084 2204 banc
1093 2145 1242 2203 clementie
1254 2161 1310 2202 soar
1318 2145 1500 2219 profusionem
1508 2144 1730 2202 demonstrasset.
1741 2143 1812 2212 fiori,

161 2235 216 2293 nali
230 2235 321 2306 ferire,
345 2247 392 2295 aut
404 2240 524 2298 animum
539 2241 673 2299 illecebris
694 2242 869 2300 secutaribus
892 2243 962 2302 irre·
1014 2238 1053 2298 nit
1064 2235 1214 2310 (frr.,illl,
1228 2237 1264 2304 l;
1276 2237 1406 2306 (faseli,
1420 2237 1462 2310 6),
1471 2239 1513 2310 gui
1523 2238 1649 2304 ceciderit,
1658 2246 1781 2312 resurget,
1791 2247 1815 2293 et

162 2328 225 2396 tiro,
238 2339 287 2386 aut
298 2328 379 2387 iidem
390 2340 504 2391 urrenae
516 2333 658 2406 potestatis
666 2333 813 2394 formidine
825 2343 959 2405 ercrtsre,
1010 2331 1055 2404 gui
1068 2339 1198 2386 seusatus
1211 2331 1470 2404 frentranrntetur?
1482 2330 1530 2388 llle
1539 2331 1704 2397 estscilicat,
1717 2331 1762 2388 illc
1772 2339 1815 2388 est

160 2427 208 2476 aot
221 2434 237 2476 a
252 2420 294 2476 ria
307 2430 382 2479 certa
400 2423 589 2497 pervenisti)
605 2422 791 2484 traditionibus
812 2423 848 2499 (c)
869 2425 963 2482 detor·
1011 2423 1057 2496 qui
1068 2421 1269 2479 nrisericcrdinm
1276 2423 1371 2477 morula
1381 2437 1458 2492 quarn
1470 2421 1597 2491 merrtem
1608 2421 1663 2494 (6).
1681 2419 1816 2478 lutaruur

148 2525 246 2582 onere
261 2530 268 2568 :
281 2526 334 2569 non
347 2514 491 2582 scandalis,
508 2527 563 2571 non
575 2514 767 2572 tentationibus
780 2515 881 2573 deficit.
896 2515 960 2575 liaec
1011 2516 1078 2585 culi,
1090 2515 1336 2589 esputtttteangelt,
1348 2516 1497 2588 punitentia
1506 2517 1616 2572 lonrinir
1631 2515 1751 2587 (butu,
1766 2516 1812 2584 lx,
1860 2586 1873 2603 .

159 2604 240 2678 igitur
250 2619 353 2662 uenena
369 2605 428 2679 eius
439 2607 585 2680 prouidens
598 2607 681 2676 Deus,
694 2607 786 2665 clausa
801 2607 866 2666 licet
883 2609 960 2681 igno·
1010 2605 1069 2679 tu).
1086 2608 1159 2665 fleus
1176 2617 1215 2674 tu,
1230 2617 1364 2680 peccator,
1380 2608 1451 2664 bono
1463 2609 1553 2663 animo
1565 2607 1614 2671 sis.
1630 2607 1706 2665 rides
1721 2608 1765 2664 ubi
1779 2608 1814 2665 de

157 2698 269 2756 secutis
287 2698 380 2771 janua,
395 2707 423 2756 et
437 2700 605 2760 intinctionis
618 2716 680 2759 sera
691 2702 841 2771 obstructa,
856 2702 957 2776 siquid
1007 2707 1059 2756 too
1073 2698 1158 2756 reditu
1172 2700 1212 2770 (7)
1230 2699 1389 2771 gaudeatur.
1405 2697 1474 2768 Quid
1487 2698 1531 2753 illa
1545 2697 1749 2755 similitudinum
1761 2698 1813 2755 do-

157 2788 248 2846 adltuc
266 2791 390 2861 permisit
412 2800 515 2862 patere.
542 2791 689 2849 collocarit
709 2794 736 2850 in
756 2795 888 2853 uestibulo
915 2794 956 2869 (d)
1010 2792 1170 2852 mirricarum
1194 2798 1351 2862 argumenta
1374 2790 1453 2845 nobis
1484 2789 1594 2845 rolurrtl
1616 2789 1692 2859 Quod
1717 2791 1813 2847 molior

162 2880 349 2952 penitentiam
363 2883 520 2952 secundans,
542 2899 602 2957 que
614 2884 784 2956 pulsantibus
796 2886 956 2957 patefaciat:
1010 2884 1166 2940 drachmam
1181 2882 1298 2955 perdidit
1310 2891 1338 2938 et
1363 2883 1486 2954 requirit,
1502 2891 1530 2939 ct
1543 2884 1653 2954 reperit,
1670 2892 1696 2939 et
1710 2883 1811 2940 airricus
1892 2935 1895 2941 Α

158 2972 206 3028 sed
217 2972 275 3045 inm
292 2974 386 3041 semei,
403 2976 463 3048 unia
475 2976 531 3047 jam
544 2975 673 3034 secondo.
688 2976 741 3033 Sed
753 2977 868 3049 amplius
889 2994 959 3035 nnn·
1008 2974 1043 3032 ad
1056 2975 1181 3048 gaudium
1195 2975 1298 3042 inritat,
1314 2990 1404 3031 nonne
1423 2975 1539 3032 restituti
1554 2976 1703 3047 peccatoris
1716 2990 1809 3032 exeun·

157 3080 249 3138 quaut,
265 3065 301 3140 (e)
317 3067 379 3140 prtia
395 3070 517 3140 proxime
542 3071 651 3127 frustra.
674 3068 733 3128 Non
763 3073 835 3129 eninr
857 3080 885 3130 et
906 3070 958 3130 boc
1008 3070 1154 3144 plumestl
1168 3069 1249 3126 Errat
1259 3078 1287 3126 et
1301 3082 1354 3126 una
1368 3069 1482 3140 pastoris
1496 3066 1538 3142 (8)
1551 3068 1667 3135 oricrrin,
1681 3068 1729 3126 scd
1744 3085 1810 3140 grcs

157 3155 243 3218 sentci
265 3153 331 3217 satis
357 3162 415 3217 esti
439 3161 549 3228 ilabes,
576 3161 650 3235 guod
666 3162 722 3235 jam
753 3161 794 3238 (5)
818 3178 872 3220 non
900 3181 958 3221 me·
1010 3175 1063 3218 uua
1076 3161 1167 3218 carior
1185 3176 1239 3216 non
1260 3167 1342 3216 erat:
1361 3158 1472 3215 unailla
1490 3160 1668 3231 conquiritur,
1687 3173 1740 3215 una
1762 3173 1811 3231 pro

156 3252 261 3310 rebaris
273 3270 281 3322 ;
297 3254 409 3310 amisisti
424 3256 498 3312 enini
512 3256 584 3327 quod
596 3270 750 3328 acceperas.
765 3255 794 3313 Si
809 3255 856 3313 tibi
869 3256 956 3314 indui·
1009 3252 1136 3309 omnibus
1148 3251 1327 3320 desideratur,
1340 3259 1369 3308 ct
1382 3249 1490 3307 tandem
1504 3250 1690 3316 incenderet
1713 3250 1809 3305 lrume-

156 3346 245 3419 gentis
256 3348 363 3406 bomini
376 3349 572 3419 accommodat,
580 3348 652 3407 unde
666 3349 793 3407 restituas
802 3350 874 3422 quod
888 3350 957 3407 anri·
1008 3346 1047 3403 ris
1068 3346 1185 3418 pastoris
1204 3345 1289 3417 ipsius
1308 3343 1423 3401 refertur
1437 3359 1445 3399 ε
1460 3343 1572 3401 multum
1595 3343 1669 3400 enim
1694 3342 1810 3401 errando

156 3450 232 3494 seras
245 3480 254 3507 ,
268 3438 365 3496 iterato
379 3438 511 3497 beneflcio
522 3449 616 3512 gratus
627 3447 698 3507 esto,
721 3439 821 3497 nedum
842 3440 952 3512 amplia·
1008 3439 1185 3496 laboraverat.
1199 3438 1278 3495 filum
1291 3438 1373 3494 estam
1392 3436 1564 3495 mitissimum
1578 3445 1682 3510 patrem
1699 3451 1752 3493 non
1771 3446 1810 3491 tn·

156 3539 202 3594 tc:
218 3532 305 3604 majos
318 3532 444 3590 estcnim
464 3534 621 3603 restituere,
635 3547 716 3606 quam
728 3532 813 3591 dare:
828 3536 956 3606 quoniam
1007 3532 1085 3602 cebo,
1099 3532 1143 3604 qui
1163 3530 1302 3603 prodigum
1324 3529 1409 3586 fllium
1430 3537 1549 3594 reuocat,
1564 3537 1592 3585 et
1611 3537 1672 3601 post
1691 3527 1807 3599 inopiam

154 3623 281 3681 miserius
292 3631 336 3681 est
354 3624 505 3697 perdidisse
527 3625 574 3698 ((),
589 3626 791 3696 quiamcmnino
810 3640 864 3683 non
878 3642 957 3685 accc·
1005 3627 1182 3698 poenitentem
1209 3621 1250 3700 (9)
1273 3621 1361 3678 libens
1393 3621 1524 3693 suscipit,
1552 3620 1673 3677 immolat
1694 3618 1808 3676 vitulum

154 3712 238 3787 pisso.
253 3714 350 3773 ilerum
364 3731 418 3773 non
435 3715 526 3773 statim
542 3698 723 3776 succidendus
735 3732 768 3775 ac
780 3717 952 3776 subruendus
1005 3718 1193 3794 praeopimum,
1213 3717 1336 3775 conuiuio
1358 3715 1484 3789 gaudium
1495 3724 1709 3774 suomuxornat.
1720 3713 1807 3784 Quid·

775 3837 964 3901 brunones
979 3835 1188 3900 centaurus

199 3949 208 4000 l
233 3946 473 4026 Baptismotscilieee
603 4015 609 4028 ,
664 4014 670 4027 .
1047 3950 1075 4019 6)
1087 3950 1240 4026 Sacrificium
1252 3950 1329 4001 Fron.
1436 3967 1438 3972 ’

196 4012 419 4087 sconditmntbus
428 4013 587 4068 olml’oatei.
600 4012 779 4069 erimbrodd.
1048 4018 1063 4067 7
1088 4009 1386 4088 lledrtuoberutultiteu.

196 4074 426 4144 blfooobeatllrp.
1047 4071 1282 4142 8Pastorrttrgult.
1684 4126 1690 4138 ,
1746 4130 1752 4141 ,

197 4137 212 4185 ι
238 4135 343 4189 Domino
353 4137 427 4191 mini.
1046 4140 1063 4191 9
1086 4139 1260 4191 Poenitentiaru
1271 4133 1344 4190 senti.
1354 4133 1524 4201 peonitentiam
1537 4132 1614 4186 Fruar.
1627 4132 1711 4183 Purrs
1725 4127 1803 4199 mgni.

195 4200 210 4250 5
233 4199 332 4251 sardios
342 4199 426 4255 Poris.
436 4202 514 4254 Pron.

837 4311 1120 4371 coutteuranttts.

149 4432 197 4480 ant
209 4423 344 4495 utromodo
352 4422 506 4496 accipienda
519 4422 663 4480 sintnostri
675 4422 805 4480 duntaxat
816 4422 852 4480 sit
866 4424 945 4482 insti·
983 4416 1152 4497 'Neptunum
1166 4429 1297 4488 accusat,
1312 4421 1357 4494 utri
1371 4421 1469 4477 iterum
1482 4418 1650 4491 naufragium
1666 4418 1739 4476 facit.
1751 4420 1803 4477 l'o·

149 4495 199 4550 tuti
214 4495 338 4552 edocere.
354 4496 417 4552 llzec
434 4497 514 4566 igitur
522 4496 636 4565 quotiens
647 4492 786 4566 ignoscitur
797 4496 832 4549 ita
847 4496 946 4552 intelli·
997 4506 1093 4553 nustus
1103 4512 1168 4553 rcro
1179 4509 1279 4559 sermo,
1292 4509 1366 4561 eum,
1381 4492 1486 4564 innuit,
1512 4492 1653 4563 repudium
1664 4500 1691 4545 ct
1704 4493 1764 4546 rruri
1775 4500 1803 4548 et

148 4581 196 4637 gas
220 4566 295 4636 quasi
319 4578 378 4636 pust
402 4567 546 4623 secundam
572 4567 755 4636 peonitentiam
781 4566 849 4621 alins
869 4576 981 4646 cssetg)
997 4568 1064 4623 mari
1077 4568 1181 4632 dieunt,
1198 4565 1374 4621 translatione
1396 4575 1502 4634 sumpta
1519 4562 1554 4618 ab
1567 4561 1609 4617 iris
1623 4562 1668 4631 utri
1683 4562 1759 4616 rusori
1772 4563 1803 4616 li-

149 4637 294 4709 pmnitcndi
311 4638 402 4703 locus,
415 4639 462 4694 sed
477 4637 543 4693 nihii
557 4636 629 4692 aliud
643 4637 845 4702 uoluitdiecre,
860 4651 940 4707 urrant
993 4638 1091 4697 beilum
1104 4637 1212 4712 'repudii
1233 4639 1350 4693 mittunt.
1376 4634 1506 4691 Similiter
1528 4632 1576 4690 lib.
1598 4633 1631 4689 de
1652 4631 1720 4687 lint
1735 4636 1800 4688 mnf.

148 4709 256 4764 murotsi
270 4709 358 4780 aliqua
374 4719 434 4779 pnst
447 4710 608 4780 baptismum
627 4723 690 4779 sures
702 4709 787 4763 uenire
800 4710 916 4777 supersit
931 4751 939 4773 ,
994 4726 1053 4780 cap·
1069 4710 1098 4770 l.
1112 4709 1248 4779 repudium
1261 4706 1317 4763 culi
1335 4705 1412 4761 elisit.
1429 4706 1497 4762 Part.

147 4787 176 4834 ct
189 4779 305 4835 secuuda
319 4788 400 4852 atqrrc
415 4781 507 4837 ultima
521 4779 684 4835 ctrrrccdntur
706 4780 874 4848 penitentia,
903 4791 943 4835 ta·
1044 4781 1071 4852 ε)
1090 4781 1217 4836 Peruersis
1230 4777 1419 4834 traditionibus.
1434 4777 1498 4833 llss.
1514 4783 1570 4832 tres
1582 4774 1746 4831 conditionib.
1763 4775 1800 4831 ll·

147 4864 209 4906 meu
223 4865 318 4905 rursus
339 4851 502 4920 precandum
526 4866 579 4905 non
599 4865 659 4905 csse
683 4859 743 4920 post
763 4849 942 4919 baptismumr
995 4852 1031 4907 lrn
1055 4852 1240 4921 tarncnrnagis
1254 4850 1361 4918 placet,
1374 4856 1405 4904 ut
1419 4856 1479 4919 agat
1493 4858 1585 4902 eontra
1605 4845 1799 4913 llnntanistas,

147 4934 209 4976 narn
229 4923 364 4977 sexcentis
389 4921 472 4987 locis,
498 4938 552 4977 non
573 4922 659 4977 cliuum
683 4923 733 4977 lroc
751 4921 850 4992 capite,
863 4937 943 4978 unarn
995 4922 1042 4995 qui
1058 4921 1191 4994 perversis
1205 4920 1394 4977 traditionibus
1417 4919 1473 4974 suis
1489 4918 1523 4974 de
1543 4918 1614 4972 nulla
1640 4927 1698 4987 post
1713 4919 1797 4986 bapti·

146 5000 254 5047 tautum
268 4992 333 5048 nita
349 4992 456 5048 lauacro
468 4995 574 5050 reniam
589 5007 742 5063 superesse,
758 5007 845 5063 neque
859 4993 943 5049 ullum
998 5009 1087 5050 smrrm
1104 4993 1279 5064 poerritentia.
1300 5007 1315 5046 a
1342 4993 1385 5046 ria
1399 4998 1470 5045 certa
1487 4988 1581 5045 fideles
1595 4988 1798 5058 detorquebant.

146 5065 242 5132 primis
262 5062 315 5119 illis
331 5064 496 5135 temporibus
508 5066 578 5121 inter
601 5065 730 5135 priuatam
743 5072 790 5119 aut
809 5064 942 5134 publicam
997 5065 1036 5121 Eo
1050 5074 1140 5120 autern
1154 5065 1225 5136 qtrod
1245 5062 1337 5128 addit,
1366 5061 1518 5132 perversis,
1532 5066 1605 5131 patet
1628 5075 1682 5114 non
1697 5073 1800 5115 ⁴omnus

146 5135 303 5203 grauiorum
317 5135 460 5191 criminum
473 5136 618 5191 discrimen
640 5143 774 5192 occurret.
788 5133 879 5205 impure
899 5137 944 5191 illa
996 5137 1032 5192 ab
1041 5138 1158 5192 durature
1172 5134 1328 5190 traditiones
1339 5132 1504 5204 inpugnare
1517 5146 1609 5187 rerunt
1620 5132 1655 5187 de
1669 5129 1711 5185 iris
1720 5130 1800 5184 latius

147 5206 247 5261 totiens
260 5217 288 5260 ct
301 5207 427 5277 quotiens
438 5206 582 5274 dicuntur,
595 5216 669 5262 recte
680 5206 714 5261 de
723 5204 827 5262 duabus
840 5206 943 5274 uerriis,
997 5207 1044 5265 lib.
1059 5208 1093 5262 dc
1106 5208 1169 5262 flor.
1183 5205 1240 5262 mil.
1258 5205 1302 5261 ubi
1316 5204 1415 5261 multas
1427 5202 1556 5259 Ecclesiae
1568 5200 1726 5258 traditiones
1738 5216 1799 5271 pro-

146 5284 177 5332 ut
190 5277 226 5332 itu
239 5275 344 5345 dicam,
357 5287 383 5333 et
393 5277 504 5333 totidem
518 5278 646 5351 peccatis,
663 5277 697 5334 dc
712 5277 745 5332 iis
757 5277 869 5343 seilicet,
884 5292 945 5348 quum
998 5277 1054 5333 bat.
1071 5278 1142 5333 Part.

145 5355 210 5403 ante
224 5348 281 5405 siue
298 5359 360 5420 post
385 5348 546 5419 baptismum
573 5349 789 5404 remittebantur.
810 5347 944 5405 Ceterum
1034 5349 1074 5422 (d)
1087 5348 1226 5405 Collocauit
1236 5346 1402 5404 investibulo.
1427 5341 1600 5406 Consuetudo
1613 5350 1640 5399 et
1651 5342 1720 5399 ritus
1737 5349 1798 5398 erat

145 5415 277 5474 Ecclesiae
291 5420 425 5475 universe
450 5420 520 5476 franc
539 5419 621 5476 fuisse
639 5419 861 5488 seutentiamirel
876 5419 946 5477 barre
1003 5428 1033 5475 ut
1057 5421 1219 5491 prenitentes
1239 5420 1266 5475 in
1290 5416 1422 5474 uestibulo
1444 5414 1566 5473 ecclesie
1588 5422 1747 5482 manerent,
1764 5413 1799 5469 atl

145 5489 370 5545 consuetudinem
380 5492 408 5545 in
418 5490 542 5546 omnibus
553 5491 663 5546 omniuo
673 5489 802 5548 Ecclesiis
816 5490 946 5547 obserua-
997 5506 1076 5562 quiem
1089 5492 1209 5560 respicit.
1227 5491 1343 5548 dtsnsr.

146 5567 202 5615 tarn
214 5559 308 5623 foisse,
324 5574 378 5615 nou
392 5560 479 5616 ausim
492 5560 635 5618 affirmare.
649 5565 764 5617 luam.
1032 5565 1072 5635 (ε)
1087 5561 1141 5618 Sed
1162 5562 1273 5633 amplius
1296 5567 1434 5623 ntundnan.
1459 5559 1530 5631 Ergo
1549 5571 1600 5613 uua
1614 5563 1716 5613 tantum
1730 5561 1798 5614 'erat
1835 5571 1840 5579 ·

183 5630 223 5702 (a)
243 5629 374 5685 liusteuus
384 5630 532 5701 periculosis
543 5633 647 5686 uosnreti
678 5630 945 5705 osinferunmsdiae·
996 5642 1056 5704 post
1067 5632 1228 5700 baptismum
1244 5633 1411 5703 pestilentia.
1429 5631 1544 5688 trater.

145 5707 234 5767 tenus,
251 5701 277 5755 id
296 5710 349 5766 est,
365 5714 499 5770 nunquam
514 5701 634 5773 posthac.
673 5718 708 5760 ro.
1031 5701 1063 5775 (i)
1084 5703 1203 5759 flirenm
1223 5713 1260 5760 est
1282 5703 1422 5774 perdidisse
1434 5717 1531 5785 gnum,
1546 5706 1599 5756 etc.
1613 5696 1736 5756 liiserius
1753 5707 1797 5755 est

183 5771 224 5842 (b)
235 5769 379 5840 liepudiurn
392 5780 415 5825 ει
435 5771 493 5825 num
506 5782 530 5827 et
554 5773 619 5827 rnori
638 5771 833 5839 diurnalium,
857 5772 945 5846 ingnit
994 5774 1080 5831 multu
1092 5775 1205 5832 salutern
1224 5790 1303 5847 quam
1317 5774 1444 5846 accepistr
1461 5771 1593 5844 baptismo
1607 5769 1719 5841 perdere
1730 5784 1795 5842 pec·

147 5838 811 5917 lllrcnanna,utestapudPubliumblimograpltum:
821 5846 944 5920 improbe
993 5847 1091 5918 modo,
1105 5861 1185 5921 quarn
1196 5846 1307 5904 omniuo
1319 5860 1380 5905 mm
1394 5858 1449 5902 nou
1461 5843 1608 5915 accepisse.
1622 5843 1738 5900 fusor.
