4242 6259
370 349 441 413 latr
1079 343 1310 409 attititttttt
1459 421 1465 431 ι
1952 348 2018 412 lttt

370 473 439 531 atria
463 468 603 529 nocturnis
621 473 650 526 et
667 464 759 526 cmdis
784 464 992 525 salutationibus
1014 467 1169 541 occupantl
1181 468 1209 530 Α
1220 467 1300 536 sidia,
1312 481 1361 526 eur
1374 464 1490 528 salntem
1506 476 1577 524 tuam
1589 461 2016 540 deorbtcnresasassggrsu,

370 565 412 625 td
422 580 531 624 ornnem
545 577 690 622 monimum
703 560 814 633 majoris
833 562 963 636 cultusque
981 576 1106 635 personae
1119 562 1169 620 de·
1221 562 1294 637 quod
1307 561 1378 621 scias
1392 561 1494 620 mederi
1506 560 1573 618 tibil
1586 559 1666 617 Mate
1674 558 1784 634 quidem
1804 560 1903 619 amma
1912 571 1941 618 ot
1952 563 2015 618 irra·

369 665 535 726 crescentes,
551 654 632 714 nullis
644 655 777 713 conviviis
791 653 923 722 celebres,
938 653 1019 711 nullis
1032 668 1170 711 commm-
1222 655 1353 723 tiunales,
1371 653 1520 712 medicinas
1538 652 1590 710 sibi
1604 652 1732 709 divinitas
1744 652 1890 710 attributas
1910 654 1937 710 itt
1952 663 2015 710 tem·

369 753 490 813 tionibus
501 765 662 826 congreges,
676 749 726 808 sed
738 749 860 807 exulesa
875 748 1009 806 libertatis
1027 756 1055 806 et
1070 746 1170 804 letitie
1222 761 1288 820 pore
1300 754 1459 820 agnoscunt.
1472 745 1577 803 cemus
1588 747 1685 817 sagitta
1699 744 1854 813 translatus,
1869 753 1901 803 trt
1918 743 2014 802 lerrms

369 845 510 905 lelicimte.
524 842 609 916 idque
620 851 706 898 tetum
726 848 837 914 propter
856 840 1008 897 uniusauni
1022 838 1170 897 rotaticum
1221 849 1251 899 et
1268 839 1458 898 irrevocabiles
1474 853 1566 896 mures
1583 838 1643 910 ejns
1663 837 1699 896 de
1716 837 1829 896 vulnere
1844 838 1963 910 expellat
1975 837 2011 910 (d)

369 937 497 1013 gaudium
511 934 562 1011 (a).
577 934 642 1003 Nes,
653 931 727 1007 gued
738 908 874 990 securium
889 932 1059 1004 virgarumve
1074 932 1170 1006 petitio
1221 931 1333 991 seitsibi
1345 932 1482 1020 dictamno
1492 930 1665 1018 regendum.
1685 930 1814 1001 llimndo,
1826 930 1850 988 ei
1863 944 2016 989 erceeare·

369 1029 496 1096 sustinet,
512 1030 539 1085 in
551 1027 673 1101 periculo
690 1023 849 1086 eternitatis
864 1026 980 1084 tolerare
996 1024 1170 1084 dubitamusl
1221 1029 1258 1085 rit
1269 1026 1377 1101 pullus,
1393 1025 1469 1083 norit
1481 1025 1542 1083 illos
1553 1024 1664 1082 oculare
1677 1038 1772 1082 rursus
1789 1024 1825 1097 le)
1839 1024 1875 1083 de
1886 1038 1939 1082 aaa
1951 1024 2016 1105 Q·

369 1135 399 1184 et
411 1122 615 1197 castigationem
626 1110 809 1192 victus'atque
825 1119 915 1177 cultus
931 1118 1037 1178 edenso
1051 1119 1169 1176 Domine
1221 1120 1332 1202 Q·
1342 1119 1471 1178 Peccator
1483 1117 1649 1176 restituendo
1658 1117 1710 1174 sibl
1723 1118 1759 1190 (s)
1774 1118 1921 1174 institutam
1935 1132 1953 1172 a
1967 1117 2017 1173 bo

370 1225 500 1293 praestare
518 1214 702 1281 cessabimus,
717 1228 784 1294 que*
800 1213 915 1286 gentiles
936 1212 1045 1270 nemine
1057 1211 1170 1269 omnine
1221 1213 1296 1271 mino
1303 1209 1504 1285 exomologesin
1517 1212 1617 1277 scieas,
1625 1209 1775 1284 praeteribit
1784 1209 1853 1267 illam
1861 1208 1935 1283 (bart
1960 1208 2017 1280 llll?

370 1312 438 1369 laese
448 1310 499 1369 sibi
514 1309 651 1382 irroganti
665 1308 770 1365 llisunt
783 1307 927 1379 dequibus
940 1305 1080 1378 Scriptura
1090 1320 1169 1364 eum·
1219 1318 1281 1378 que
1295 1304 1471 1378 Babylonium
1482 1317 1574 1376 regem
1590 1303 1618 1359 in
1635 1316 1716 1375 regna
1731 1300 1865 1359 restitaltl
1877 1301 1928 1357 llie
1946 1300 2015 1357 eninr

370 1413 527 1462 memorat:
546 1401 655 1459 toeittts
668 1401 712 1472 gai
724 1399 818 1456 delicte
830 1415 879 1456 stru
892 1399 959 1456 aelst
978 1413 1085 1469 procero
1108 1400 1171 1474 {tue
1222 1397 1407 1471 penitentiam
1428 1397 1543 1454 lienum
1563 1393 1874 1474 immolarat,septenai
1892 1392 2014 1465 squalore

370 1505 475 1555 nectum
486 1494 537 1570 (l).
1222 1491 1426 1565 exomologesin
1434 1499 1573 1563 operatus,
1582 1488 1711 1562 unguium
1728 1488 1865 1545 leoninum
1876 1485 2013 1543 innodent

667 1587 782 1648 cavet
799 1586 857 1645 xil.
1222 1585 1391 1652 efferatione,
1402 1596 1431 1643 et
1441 1583 1531 1656 capilli
1544 1581 1646 1640 incuria
1661 1581 1802 1638 terrorem
1813 1579 1961 1652 aquilinum
1977 1580 2013 1651 (ll

406 1680 436 1740 Sl
452 1681 487 1740 de
502 1680 683 1754 exomologesi
705 1688 851 1746 retractas,
870 1678 1021 1752 gebennam
1041 1679 1070 1736 in
1087 1678 1172 1738 corde
1223 1680 1395 1755 praeferente.
1406 1675 1565 1736 murale
1572 1673 1738 1733 tractationis
1749 1670 2013 1746 (pileumltomiacs

370 1775 522 1843 considera,
529 1790 610 1848 qnam
621 1775 669 1833 tibi
676 1774 873 1846 exomologesis
879 1774 1074 1844 exstinguitact
1081 1788 1169 1845 prenae
1182 1784 1207 1847 Β
1220 1775 1432 1855 pmbomsbaut,
1447 1773 1519 1830 beas
1531 1769 1679 1843 recipiebat
1691 1767 1809 1842 (deod,
1818 1765 1904 1838 xit).
1920 1765 2011 1824 mea

371 1868 447 1940 prius
467 1868 677 1940 magnitudinem
699 1867 863 1938 imaginare,
883 1875 913 1923 ut
925 1867 961 1925 de
978 1866 1091 1925 remedii
1104 1868 1171 1926 ade·
1222 1880 1313 1928 autem
1339 1865 1470 1940 aegyptias
1495 1863 1531 1923 im
1600 1872 1663 1929 tor,
1684 1862 1732 1935 qui
1754 1860 1887 1932 populere
1909 1858 1955 1915 [lei
1970 1858 2013 1914 ati·

371 1957 1171 2032 ptiunenundubites.Quidillumtlresaurumigniseterni
1222 1960 1356 2035 mandes
1388 1955 1547 2022 ictum,diu
1564 1950 2014 2023 llotniausuedenegataraperae

243 2035 282 2138 '35'
304 2035 329 2142 'u
372 2052 547 2119 estimantes,
561 2067 622 2109 cum
639 2050 915 2138 iurmfflulaqttedam
928 2050 987 2124 sjtts
1003 2052 1071 2110 tales
1094 2054 1173 2110 llam·
1212 2062 1312 2134 etum,
1326 2051 1355 2108 in
1381 2048 1502 2123 praelium
1517 2046 1615 2114 irruit,
1629 2051 1690 2118 pust
1703 2041 1917 2102 tutdocnuneuta
1931 2040 2015 2111 plaga

372 2157 477 2201 mamm
499 2144 569 2202 ictus
585 2141 730 2210 suscitent,
751 2152 779 2199 ut
799 2142 929 2216 pmxime
949 2143 1031 2201 urbes
1052 2153 1101 2201 aut
1114 2144 1172 2216 jam
1224 2160 1301 2210 rum,
1315 2139 1427 2199 dissidio
1448 2138 1487 2213 (2)
1510 2137 1603 2204 maris,
1617 2135 1693 2210 quud
1711 2134 1763 2193 soli
1784 2132 1883 2207 pupula
1899 2131 2021 2205 pariata

372 2234 581 2304 nuttaexstcm,
590 2246 636 2292 aut
651 2234 722 2293 idern
735 2235 787 2293 sibi
800 2234 835 2292 de
846 2234 891 2293 die
900 2244 1022 2308 sperent.
1033 2236 1174 2295 Dissiliunt
1222 2237 1331 2303 licebat,
1341 2234 1470 2292 revolutis
1482 2231 1608 2289 doedbus
1617 2231 1698 2303 perit.
1710 2226 1901 2288 penitentiam
1909 2224 1980 2282 emsa
1991 2233 2017 2280 st

373 2327 557 2401 superbissimi
578 2334 685 2385 montes
700 2327 769 2399 iguis
784 2326 946 2385 intrinsecus
959 2326 1025 2386 ioetu
1037 2346 1045 2385 ι
1058 2335 1087 2387 et
1100 2328 1173 2401 quud
1225 2324 1403 2385 ministerium
1416 2322 1521 2397 eiusllt)
1536 2320 1740 2394 exomologesin
1751 2313 2015 2392 abieceratosidli)

373 2419 553 2492 nubisJudieii
572 2421 778 2492 perpetuitatem
803 2420 914 2492 probat,
938 2436 999 2479 cum
1021 2422 1172 2491 dissiliant,
1224 2433 1290 2490 erge
1303 2417 1373 2474 ultra
1382 2416 1418 2474 de
1432 2415 1492 2473 istis
1504 2413 1609 2472 duabus
1628 2412 1754 2472 numanae
1776 2413 1871 2471 matis
1889 2413 1966 2485 guasi
1979 2413 2021 2484 (ll

372 2527 434 2569 cum
443 2512 616 2581 devorentur,
637 2527 772 2586 nunquam
784 2521 873 2571 tamen
887 2514 1027 2573 dniuotur.
1037 2514 1104 2585 Quis
1115 2514 1174 2574 lutee
1225 2509 1329 2584 plaucis
1338 2509 1384 2582 (i),
1403 2509 1466 2582 styli
1479 2509 1567 2580 petius
1579 2507 1716 2579 negotium
1728 2520 1807 2580 emat
1821 2505 1943 2563 oldeism
1954 2520 2018 2564 eoe-

373 2604 503 2677 supplieia
512 2605 621 2662 iuterim
629 2606 761 2663 muntium
774 2621 828 2662 non
839 2605 933 2678 judicii
945 2607 1174 2673 minantiserem·
1225 2607 1346 2666 scientie
1357 2621 1425 2665 mee
1438 2618 1536 2662 curans
1549 2603 1590 2676 (5)
1603 2604 1616 2660 t
1629 2601 1828 2676 peceatoreoiat
1837 2602 1964 2658 omniem
1976 2615 2018 2656 oo·

374 2696 459 2770 plavia
472 2695 633 2768 deputabit
647 2696 713 2765 eris
726 2696 857 2754 scintillas
870 2697 939 2755 tales
952 2713 1006 2756 non
1020 2699 1110 2771 magni
1120 2700 1174 2756 ali·
1226 2709 1314 2757 tarum
1335 2713 1396 2757 cum
1410 2699 1480 2766 sim,
1495 2711 1546 2755 nee
1555 2696 1602 2753 ulli
1615 2698 1655 2754 rei
1674 2694 1723 2751 nisi
1735 2692 1902 2767 penitentie
1923 2703 2018 2760 natas,

373 2789 452 2862 errius
466 2797 494 2847 et
507 2789 703 2848 inestimabilis
716 2789 769 2847 loci
782 2791 896 2848 missilia
909 2790 1033 2864 quedam
1046 2801 1076 2851 et
1093 2807 1176 2851 exer·
1226 2806 1281 2850 nen
1294 2792 1373 2849 tacite
1391 2804 1500 2862 pessum
1515 2803 1598 2861 super
1611 2788 1657 2845 illa
1672 2796 1771 2852 meets.
1786 2800 1867 2858 (itm
1881 2786 1942 2858 ll!e
1954 2801 2018 2856 qno·

373 2881 467 2938 citeris
478 2880 567 2953 jacula
584 2882 623 2952 (e)
637 2883 805 2940 consentiet?
817 2882 900 2954 lgitttr
917 2897 980 2941 cum
992 2882 1064 2942 scias
1077 2885 1175 2943 adver·
1227 2900 1280 2959 que
1291 2894 1320 2942 et
1336 2883 1429 2955 stirpis
1441 2882 1606 2941 demanaret
1617 2880 1728 2939 edensae
1741 2880 1769 2936 in
1787 2877 1929 2935 mininam
1947 2877 2018 2949 pris·

374 2986 421 3029 sus
435 2973 586 3045 gebennam
599 2980 660 3044 pest
673 2972 759 3044 prima
777 2973 824 3029 illa
848 2973 1014 3033 intinctionis
1032 2968 1176 3035 dominice
1227 2994 1292 3053 oeps
1307 2977 1393 3037 Adam
1417 2976 1599 3048 exomologesi
1616 2975 1757 3033 restitutas
1774 2971 1809 3048 li)
1827 2971 1855 3030 lu
1872 2970 2017 3045 paradisum

375 3064 551 3134 tltttttimettltl,
565 3079 628 3123 esse
640 3064 730 3125 adbuc
739 3066 766 3125 in
779 3068 963 3142 exomologesi
978 3072 1097 3128 secunda
1110 3073 1176 3131 sub·
1226 3088 1317 3142 suum,
1333 3088 1387 3131 trun
1400 3081 1480 3130 tacet.
2017 3086 2020 3090 ’

991 3184 1183 3247 escuelles
1200 3183 1406 3247 vetustte.

422 3296 431 3348 i
457 3296 636 3361 tunttuumln
648 3307 743 3350 metu
750 3292 853 3362 guidtett
862 3295 967 3351 eddtetl.
1187 3300 1212 3365 C
1258 3300 1299 3431 ὦ
1309 3302 1394 3354 vitaris
1404 3302 1477 3353 Portu.

419 3358 633 3427 lllisetdluttig.
1311 3363 1511 3418 enrentuun.

423 3424 438 3474 d
461 3421 895 3488 metamaucensium

1052 3526 1332 3594 COMMENTARIUS.

377 3645 1176 3805 ntiilllam‚tantilitatemerat
1229 3649 1373 3794 ,tute
1390 3646 2020 3806 titillabitriltlliiltfliltt

378 3789 439 3845 altae
450 3788 574 3860 quedam
596 3789 749 3846 tunuuuues
759 3804 867 3846 ennuae.
886 3792 994 3849 Etrero
1004 3801 1114 3864 antiqua
1125 3806 1179 3849 vex
1230 3791 1373 3850 Turnebus
1387 3792 1435 3850 lrb.
1449 3793 1487 3857 ll,
1500 3809 1561 3865 usp.
1573 3792 1630 3860 lt),
1654 3807 1716 3865 qltte
1728 3792 1925 3848 malatrsettua
1939 3789 2021 3846 multu

378 3858 516 3917 volaticum
541 3872 593 3929 pru
621 3860 801 3926 inconstanti,
824 3862 904 3917 etiam
928 3862 1053 3920 ciceroni
1082 3865 1179 3920 tuitata
1230 3865 1339 3927 dieitur,
1353 3879 1413 3922 eam
1426 3865 1461 3921 ab
1473 3864 1594 3922 arnobio
1608 3864 1794 3920 urubtmrtetie
1807 3862 1862 3919 dici
1872 3876 1940 3919 reue
1951 3861 2022 3917 uniet
2092 3927 2093 3930 Ἴ

379 3929 427 3987 lib.
443 3927 464 3985 ll
477 3926 511 3984 ad
523 3927 580 3986 Att.
594 3937 623 3987 et
636 3929 671 3985 de
680 3929 795 4001 llarusp.
806 3944 865 4004 esp.
877 3933 922 3990 id.
935 3932 1004 3991 vnn.
1230 3934 1279 3992 lib.
1299 3933 1333 3991 ll
1355 3934 1417 3991 adv.
1431 3931 1536 4005 gentes.
1557 3934 1678 4007 Apparet
1691 3942 1783 3991 autem
1806 3933 1956 3990 lmobium
1967 3932 2020 3988 ini·

416 3997 458 4076 (b)
476 3997 820 4073 veternosissimas,
834 4003 1181 4062 atellemoudoratusest
1234 4015 1318 4062 tatum
1338 4020 1399 4062 esse
1418 4007 1517 4076 scripta
1532 4005 1703 4063 Tertulliani.
1716 4004 1794 4079 spuo
1807 4005 1934 4061 moturas
1951 4003 2021 4060 etim

379 4073 480 4139 lucum,
493 4086 556 4129 cum
569 4073 594 4128 is
607 4073 642 4128 sit
654 4069 775 4139 lsaiae,l
793 4076 876 4130 :mei
899 4082 922 4131 ot
946 4080 1107 4147 turoneum·
1135 4081 1180 4139 sta
1231 4077 1418 4133 utuletructotio
1430 4076 1618 4134 diciturenim
1630 4077 1758 4134 dictione.
1771 4076 1839 4132 Lae.

378 4145 501 4215 imputas
510 4150 542 4205 dr
554 4153 650 4215 σχοινίῳ
663 4155 757 4215 μακρῷ.
771 4142 825 4201 Sed
841 4144 1021 4203 Tertullianus
1043 4162 1180 4218 uunquam
1268 4147 1310 4221 (lt)
1321 4146 1501 4204 Paenitentiam
1511 4158 1535 4203 et
1547 4148 1713 4206 ministerium
1732 4148 1788 4218 eius
1797 4145 1913 4203 monol.
1934 4146 2022 4203 tom·

380 4214 487 4298 legebat
501 4215 612 4298 latiarem
628 4224 730 4298 textum
743 4214 894 4299 qtrl'lraltet,
906 4232 944 4274 ore
954 4219 999 4288 etti
1011 4219 1112 4302 testritio
1129 4219 1180 4273 isui·
1231 4217 1325 4301 turind
1344 4220 1529 4301 paenitentiam
1543 4218 1662 4303 admissu
1674 4218 1877 4303 ministrabatur
1890 4217 2022 4275 oxomae

414 4286 924 4442 “sustituit“,attritultu
942 4289 1181 4444 sistrum:
1231 4287 2024 4429 tortuosissimus·,tetulissem

381 4437 447 4482 tunt.
460 4428 497 4483 lle
507 4426 570 4484 lune
583 4435 792 4499 euntempttunrs
804 4429 856 4485 alra
868 4441 911 4487 est
922 4440 1002 4499 ratio,
1013 4432 1073 4504 lege
1086 4431 1134 4488 lib.
1143 4430 1178 4486 ll
1232 4431 1320 4490 batur.
1334 4431 1396 4490 ilie.

381 4497 662 4556 adv.ldarelenemet
681 4499 1017 4560 lib-adv.ludaeux.Lte.
1192 4481 1220 4544 Ῑ)
1267 4500 1736 4576 (tibtotetunuuusotuttsquust
1827 4500 1924 4558 'etii
1991 4569 1998 4582 υ

418 4567 944 4645 thP.llll.-(e)Eaercltoriujurulu.
959 4572 1159 4631 Lusoria.llte.
1233 4571 1401 4643 turenses
1415 4574 1450 4629 ab
1463 4576 1599 4631 veteribus
1612 4574 1688 4631 libris
1702 4574 1728 4631 id
1767 4573 1883 4639 abeant,
1899 4588 1938 4629 an
1990 4585 2026 4627 tt·

420 4638 461 4715 (d)
481 4639 590 4697 Ferrum
614 4652 638 4696 et
659 4637 835 4697 irrevocabiles
860 4659 946 4699 meros
967 4648 1034 4716 ejus.
1049 4643 1182 4701 Hamatile
1231 4645 1327 4718 genie,
1345 4660 1399 4701 ttett
1413 4645 1531 4701 trudunt.
1544 4645 1617 4702 lllttd
1641 4653 1743 4710 autem,
1757 4644 1957 4716 praestaneis,
1970 4655 2026 4722 pta:

316 4719 330 4734 ³
382 4711 514 4783 spiculum
526 4710 674 4784 significat,
699 4712 770 4783 quod
786 4711 830 4768 ubi
852 4716 1003 4785 peutetravit
1022 4717 1049 4771 in
1063 4718 1179 4782 vulnus,
1231 4715 1642 4788 piusaeeeditadlraeeveteris
1655 4715 1943 4788 seripturerestigia,
1962 4726 2026 4785 μ’

383 4783 504 4839 revocari
524 4794 570 4838 aut
593 4783 670 4840 avelli
687 4783 797 4854 nequit,
813 4784 865 4840 uisi
880 4785 978 4843 vulnus
998 4787 1087 4859 ipsum
1110 4799 1180 4842 neve
1232 4786 1391 4858 plurrsdlte.

383 4852 495 4909 uulnere
506 4853 656 4911 diducatur.
670 4853 731 4911 llto.
1266 4855 1301 4932 (i)
1314 4860 1397 4914 aldum
1409 4858 1579 4933 exomologesi
1590 4858 1729 4916 restitutas.
1748 4857 1806 4915 ilua
1826 4866 1927 4914 contra
1948 4850 2027 4912 rats

421 4921 460 4998 (a)
481 4923 601 4980 ornatore.
622 4925 649 4980 ld
664 4937 705 4981 est
716 4925 809 4982 ocultis
823 4926 949 4985 reddere.
975 4926 1180 5000 iincipsuusus
1231 4944 1295 4985 num
1309 4928 1565 5002 haereticumcujus
1587 4940 1646 4988 erat
1670 4929 1798 4995 heresis,
1819 4927 1908 4985 adsto
1923 4929 2027 4984 saturer·

383 5004 427 5050 est
438 4995 564 5051 verbodo
579 4995 645 5052 Pul.
656 5008 684 5052 et
694 4996 721 5052 in
737 4997 862 5069 apolog:
895 4998 947 5055 uod
960 4998 1026 5055 milri
1040 5013 1179 5073 preargu·
1230 5001 1357 5072 cumsqai
1373 5016 1427 5058 non
1441 5003 1574 5071 potuisse3
1589 5001 1756 5074 utipatetex
1771 4997 2025 5068 libdsl’rcxtrirl·

384 5075 476 5121 mento
489 5076 529 5122 est
542 5066 614 5123 hune
624 5066 783 5124 Tertulliani
791 5082 851 5124 esse
865 5068 884 5125 li
904 5069 997 5128 ellum.
1008 5073 1124 5128 Amase.
1230 5071 1289 5126 eda.
1303 5075 1395 5129 iteres.
1425 5072 1495 5129 Part.

418 5132 452 5210 (i)
468 5135 632 5195 destituendo
652 5137 709 5195 rili.
723 5137 896 5199 destitutioni
909 5157 976 5200 sttae.
992 5140 1053 5200 Rue.

1100 5413 1314 5527 W
