<?xml version="1.0" encoding="UTF-8"?>
<!DOCTYPE html PUBLIC "-//W3C//DTD XHTML 1.0 Transitional//EN"
    "http://www.w3.org/TR/xhtml1/DTD/xhtml1-transitional.dtd">
<html xmlns="http://www.w3.org/1999/xhtml" xml:lang="en" lang="en">
 <head>
  <title>
</title>
<meta http-equiv="Content-Type" content="text/html;charset=utf-8" />
  <meta name='ocr-system' content='tesseract 3.04.00' />
  <meta name='ocr-capabilities' content='ocr_page ocr_carea ocr_par ocr_line ocrx_word'/>
</head>
<body>
  <div class='ocr_page' id='page_1' title='image "./patrologiaecurs137unkngoog_0506.png"; bbox 0 0 4242 6259; ppageno 0'>
   <div class='ocr_carea' id='block_1_1' title="bbox 300 296 1968 369">
    <p class='ocr_par' dir='ltr' id='par_1_1' title="bbox 300 296 1968 369">
     <span class='ocr_line' id='line_1_1' title="bbox 300 296 1968 369; baseline -0.002 -1"><span class='ocrx_word' id='word_1_1' title='bbox 300 305 360 369; x_wconf 68' lang='lat' dir='ltr'>iil</span> <span class='ocrx_word' id='word_1_2' title='bbox 820 301 855 361; x_wconf 82' lang='grc' dir='ltr'>ΙΝ</span> <span class='ocrx_word' id='word_1_3' title='bbox 872 297 1105 363; x_wconf 77' lang='lat' dir='ltr'>centunmtnt</span> <span class='ocrx_word' id='word_1_4' title='bbox 1122 296 1389 364; x_wconf 78' lang='lat' dir='ltr'>nrououurmutt</span> <span class='ocrx_word' id='word_1_5' title='bbox 1906 301 1968 364; x_wconf 68' lang='lat'>928</span> 
     </span>
    </p>
   </div>
   <div class='ocr_carea' id='block_1_2' title="bbox 229 416 1970 1048">
    <p class='ocr_par' dir='ltr' id='par_1_2' title="bbox 229 416 1970 1048">
     <span class='ocr_line' id='line_1_2' title="bbox 229 416 1970 497; baseline -0.003 -14"><span class='ocrx_word' id='word_1_6' title='bbox 229 465 238 474; x_wconf 78' lang='lat'>-</span> <span class='ocrx_word' id='word_1_7' title='bbox 308 422 410 484; x_wconf 87' lang='lat' dir='ltr'>ethnici</span> <span class='ocrx_word' id='word_1_8' title='bbox 431 422 598 497; x_wconf 74' lang='lat' dir='ltr'><strong>objectarent</strong></span> <span class='ocrx_word' id='word_1_9' title='bbox 616 432 709 494; x_wconf 85' lang='lat' dir='ltr'>parcre</span> <span class='ocrx_word' id='word_1_10' title='bbox 724 430 786 478; x_wconf 89' lang='lat' dir='ltr'>csse</span> <span class='ocrx_word' id='word_1_11' title='bbox 799 418 1019 492; x_wconf 85' lang='lat' dir='ltr'>philosophorum</span> <span class='ocrx_word' id='word_1_12' title='bbox 1043 432 1108 476; x_wconf 90' lang='lat' dir='ltr'>suo·</span> <span class='ocrx_word' id='word_1_13' title='bbox 1121 419 1225 481; x_wconf 69' lang='lat' dir='ltr'>nciam</span> <span class='ocrx_word' id='word_1_14' title='bbox 1235 418 1324 492; x_wconf 81' lang='lat' dir='ltr'>ponpis</span> <span class='ocrx_word' id='word_1_15' title='bbox 1335 420 1406 492; x_wconf 78' lang='lat' dir='ltr'>epact</span> <span class='ocrx_word' id='word_1_16' title='bbox 1419 417 1581 477; x_wconf 65' lang='lat' dir='ltr'>insectatores</span> <span class='ocrx_word' id='word_1_17' title='bbox 1590 416 1879 492; x_wconf 66' lang='lat' dir='ltr'>commostraremus.</span> <span class='ocrx_word' id='word_1_18' title='bbox 1890 420 1970 493; x_wconf 77' lang='lat' dir='ltr'>Apo·</span> 
     </span>
     <span class='ocr_line' id='line_1_3' title="bbox 311 510 1965 588; baseline -0.002 -13"><span class='ocrx_word' id='word_1_19' title='bbox 311 533 383 586; x_wconf 90' lang='lat' dir='ltr'>rum,</span> <span class='ocrx_word' id='word_1_20' title='bbox 398 524 480 588; x_wconf 92' lang='lat' dir='ltr'>atque</span> <span class='ocrx_word' id='word_1_21' title='bbox 493 512 702 572; x_wconf 82' lang='lat' dir='ltr'>christianorum</span> <span class='ocrx_word' id='word_1_22' title='bbox 716 512 856 569; x_wconf 86' lang='lat' dir='ltr'>seientiam</span> <span class='ocrx_word' id='word_1_23' title='bbox 867 554 876 581; x_wconf 90' lang='lat'>,</span> <span class='ocrx_word' id='word_1_24' title='bbox 886 511 1070 583; x_wconf 76' lang='lat' dir='ltr'><strong>disciplinam,</strong></span> <span class='ocrx_word' id='word_1_25' title='bbox 1083 520 1111 568; x_wconf 89' lang='lat' dir='ltr'>ct</span> <span class='ocrx_word' id='word_1_26' title='bbox 1161 511 1250 584; x_wconf 77' lang='lat' dir='ltr'>iopen,</span> <span class='ocrx_word' id='word_1_27' title='bbox 1262 526 1321 583; x_wconf 87' lang='lat' dir='ltr'>sap.</span> <span class='ocrx_word' id='word_1_28' title='bbox 1335 510 1382 578; x_wconf 84' lang='lat' dir='ltr'>to.</span> <span class='ocrx_word' id='word_1_29' title='bbox 1397 527 1458 586; x_wconf 76' lang='lat' dir='ltr'>pap.</span> <span class='ocrx_word' id='word_1_30' title='bbox 1469 511 1545 584; x_wconf 81' lang='grc'><strong>500).</strong></span> <span class='ocrx_word' id='word_1_31' title='bbox 1560 511 1595 568; x_wconf 81' lang='lat' dir='ltr'>th</span> <span class='ocrx_word' id='word_1_32' title='bbox 1608 510 1667 568; x_wconf 79' lang='lat' dir='ltr'>baec</span> <span class='ocrx_word' id='word_1_33' title='bbox 1680 511 1800 583; x_wconf 87' lang='lat' dir='ltr'>quidem,</span> <span class='ocrx_word' id='word_1_34' title='bbox 1815 528 1867 571; x_wconf 87' lang='lat' dir='ltr'>nes</span> <span class='ocrx_word' id='word_1_35' title='bbox 1881 515 1965 587; x_wconf 82' lang='lat' dir='ltr'>plura</span> 
     </span>
     <span class='ocr_line' id='line_1_4' title="bbox 311 601 1965 681; baseline -0.001 -14"><span class='ocrx_word' id='word_1_36' title='bbox 311 609 469 681; x_wconf 86' lang='lat' dir='ltr'>sapientiam</span> <span class='ocrx_word' id='word_1_37' title='bbox 477 604 642 681; x_wconf 83' lang='lat' dir='ltr'>(Tertullinn.</span> <span class='ocrx_word' id='word_1_38' title='bbox 651 604 695 661; x_wconf 84' lang='lat' dir='ltr'>tta.</span> <span class='ocrx_word' id='word_1_39' title='bbox 710 602 1110 679; x_wconf 71' lang='lat' dir='ltr'>troanot.‚pap.tss).1uu</span> <span class='ocrx_word' id='word_1_40' title='bbox 1161 601 1188 657; x_wconf 91' lang='lat' dir='ltr'>in</span> <span class='ocrx_word' id='word_1_41' title='bbox 1213 601 1336 672; x_wconf 74' lang='lat' dir='ltr'>Ripaltii,</span> <span class='ocrx_word' id='word_1_42' title='bbox 1364 611 1392 658; x_wconf 90' lang='lat' dir='ltr'>et</span> <span class='ocrx_word' id='word_1_43' title='bbox 1407 602 1558 659; x_wconf 71' lang='lat' dir='ltr'>subsecutis</span> <span class='ocrx_word' id='word_1_44' title='bbox 1570 603 1631 661; x_wconf 90' lang='lat' dir='ltr'>aliis</span> <span class='ocrx_word' id='word_1_45' title='bbox 1644 603 1818 663; x_wconf 76' lang='lat' dir='ltr'>editionibus.</span> <span class='ocrx_word' id='word_1_46' title='bbox 1841 604 1870 663; x_wconf 89' lang='lat' dir='ltr'>ln</span> <span class='ocrx_word' id='word_1_47' title='bbox 1889 608 1965 665; x_wconf 86' lang='lat' dir='ltr'>anti·</span> 
     </span>
     <span class='ocr_line' id='line_1_5' title="bbox 311 692 1966 774; baseline -0.001 -17"><span class='ocrx_word' id='word_1_48' title='bbox 311 700 402 772; x_wconf 82' lang='lat' dir='ltr'>btrjsts,</span> <span class='ocrx_word' id='word_1_49' title='bbox 419 697 459 755; x_wconf 91' lang='lat' dir='ltr'>uti</span> <span class='ocrx_word' id='word_1_50' title='bbox 477 698 603 755; x_wconf 90' lang='lat' dir='ltr'>citatusa</span> <span class='ocrx_word' id='word_1_51' title='bbox 622 696 790 754; x_wconf 87' lang='lat' dir='ltr'>Tertulliano</span> <span class='ocrx_word' id='word_1_52' title='bbox 809 694 938 774; x_wconf 76' lang='lat' dir='ltr'>Salomon</span> <span class='ocrx_word' id='word_1_53' title='bbox 960 697 1111 755; x_wconf 71' lang='lat' dir='ltr'>rectissime</span> <span class='ocrx_word' id='word_1_54' title='bbox 1161 692 1303 765; x_wconf 72' lang='lat' dir='ltr'>ustionibus</span> <span class='ocrx_word' id='word_1_55' title='bbox 1314 707 1391 757; x_wconf 71' lang='lat' dir='ltr'>ictu.</span> <span class='ocrx_word' id='word_1_56' title='bbox 1407 707 1458 750; x_wconf 79' lang='lat' dir='ltr'>ucc</span> <span class='ocrx_word' id='word_1_57' title='bbox 1477 709 1531 750; x_wconf 82' lang='lat' dir='ltr'>nou</span> <span class='ocrx_word' id='word_1_58' title='bbox 1543 695 1571 750; x_wconf 87' lang='lat' dir='ltr'>iu</span> <span class='ocrx_word' id='word_1_59' title='bbox 1584 697 1684 752; x_wconf 76' lang='lat' dir='ltr'>trosleio</span> <span class='ocrx_word' id='word_1_60' title='bbox 1696 693 1837 753; x_wconf 74' lang='lat' dir='ltr'>codicibus</span> <span class='ocrx_word' id='word_1_61' title='bbox 1850 711 1966 754; x_wconf 79' lang='lat' dir='ltr'>mons·</span> 
     </span>
     <span class='ocr_line' id='line_1_6' title="bbox 310 771 1966 864; baseline -0.005 -13"><span class='ocrx_word' id='word_1_62' title='bbox 310 793 406 851; x_wconf 85' lang='lat' dir='ltr'>docet:</span> <span class='ocrx_word' id='word_1_63' title='bbox 418 791 528 848; x_wconf 84' lang='lat' dir='ltr'>initium</span> <span class='ocrx_word' id='word_1_64' title='bbox 537 771 671 862; x_wconf 71' lang='lat' dir='ltr'>sapiemus</span> <span class='ocrx_word' id='word_1_65' title='bbox 688 801 768 847; x_wconf 86' lang='lat' dir='ltr'>ntetttt</span> <span class='ocrx_word' id='word_1_66' title='bbox 779 791 807 847; x_wconf 90' lang='lat' dir='ltr'>in</span> <span class='ocrx_word' id='word_1_67' title='bbox 816 788 901 846; x_wconf 83' lang='lat' dir='ltr'>Dsttm</span> <span class='ocrx_word' id='word_1_68' title='bbox 913 787 1037 864; x_wconf 71' lang='lat' dir='ltr'>(Eetion,</span> <span class='ocrx_word' id='word_1_69' title='bbox 1049 785 1109 863; x_wconf 87' lang='lat' dir='ltr'>eup&#39;.</span> <span class='ocrx_word' id='word_1_70' title='bbox 1161 785 1265 856; x_wconf 81' lang='lat' dir='ltr'>criptis,</span> <span class='ocrx_word' id='word_1_71' title='bbox 1275 793 1335 858; x_wconf 89' lang='lat' dir='ltr'>post</span> <span class='ocrx_word' id='word_1_72' title='bbox 1344 785 1456 842; x_wconf 84' lang='lat' dir='ltr'>terbum</span> <span class='ocrx_word' id='word_1_73' title='bbox 1465 786 1595 842; x_wconf 76' lang='lat' dir='ltr'>adulterat</span> <span class='ocrx_word' id='word_1_74' title='bbox 1607 785 1727 844; x_wconf 86' lang='lat' dir='ltr'>additum</span> <span class='ocrx_word' id='word_1_75' title='bbox 1740 797 1793 855; x_wconf 88' lang='lat' dir='ltr'>est,</span> <span class='ocrx_word' id='word_1_76' title='bbox 1801 795 1828 844; x_wconf 80' lang='lat' dir='ltr'>st</span> <span class='ocrx_word' id='word_1_77' title='bbox 1844 788 1966 858; x_wconf 69' lang='lat' dir='ltr'>affectet,</span> 
     </span>
     <span class='ocr_line' id='line_1_7' title="bbox 311 878 1969 958; baseline -0.004 -13"><span class='ocrx_word' id='word_1_78' title='bbox 311 886 387 958; x_wconf 75' lang='grc'><strong>1.).</strong></span> <span class='ocrx_word' id='word_1_79' title='bbox 404 884 464 958; x_wconf 86' lang='lat' dir='ltr'>tn).</span> <span class='ocrx_word' id='word_1_80' title='bbox 473 884 508 942; x_wconf 82' lang='lat' dir='ltr'>lit</span> <span class='ocrx_word' id='word_1_81' title='bbox 520 886 578 941; x_wconf 78' lang='lat' dir='ltr'>lrsrc</span> <span class='ocrx_word' id='word_1_82' title='bbox 586 885 694 957; x_wconf 89' lang='lat' dir='ltr'>quidem</span> <span class='ocrx_word' id='word_1_83' title='bbox 705 883 932 957; x_wconf 84' lang='lat' dir='ltr'>cerbadesumpta</span> <span class='ocrx_word' id='word_1_84' title='bbox 945 893 1007 940; x_wconf 87' lang='lat' dir='ltr'>sunt</span> <span class='ocrx_word' id='word_1_85' title='bbox 1016 898 1049 941; x_wconf 87' lang='lat' dir='ltr'>es</span> <span class='ocrx_word' id='word_1_86' title='bbox 1057 883 1110 940; x_wconf 84' lang='lat' dir='ltr'>Ec·</span> <span class='ocrx_word' id='word_1_87' title='bbox 1162 893 1195 935; x_wconf 92' lang='lat' dir='ltr'>ac</span> <span class='ocrx_word' id='word_1_88' title='bbox 1209 886 1272 949; x_wconf 82' lang='lat' dir='ltr'>post</span> <span class='ocrx_word' id='word_1_89' title='bbox 1285 892 1384 937; x_wconf 88' lang='lat' dir='ltr'>nomen</span> <span class='ocrx_word' id='word_1_90' title='bbox 1399 880 1522 944; x_wconf 80' lang='lat' dir='ltr'>ueritatis,</span> <span class='ocrx_word' id='word_1_91' title='bbox 1533 879 1648 953; x_wconf 71' lang='lat' dir='ltr'>legitur,</span> <span class='ocrx_word' id='word_1_92' title='bbox 1662 896 1740 953; x_wconf 83' lang='lat' dir='ltr'>qestnt</span> <span class='ocrx_word' id='word_1_93' title='bbox 1753 878 1764 954; x_wconf 89' lang='lat'><strong>(</strong></span> <span class='ocrx_word' id='word_1_94' title='bbox 1772 881 1838 939; x_wconf 85' lang='lat' dir='ltr'>editi</span> <span class='ocrx_word' id='word_1_95' title='bbox 1849 882 1921 956; x_wconf 77' lang='lat' dir='ltr'>qua)</span> <span class='ocrx_word' id='word_1_96' title='bbox 1933 884 1969 938; x_wconf 83' lang='lat' dir='ltr'>il·</span> 
     </span>
     <span class='ocr_line' id='line_1_8' title="bbox 313 968 1969 1048; baseline -0.003 -14"><span class='ocrx_word' id='word_1_97' title='bbox 313 974 460 1035; x_wconf 87' lang='lat' dir='ltr'>clesiastici</span> <span class='ocrx_word' id='word_1_98' title='bbox 470 976 550 1043; x_wconf 89' lang='lat' dir='ltr'>libro,</span> <span class='ocrx_word' id='word_1_99' title='bbox 564 992 644 1048; x_wconf 86' lang='lat' dir='ltr'>quem</span> <span class='ocrx_word' id='word_1_100' title='bbox 657 986 752 1033; x_wconf 83' lang='lat' dir='ltr'>artetur</span> <span class='ocrx_word' id='word_1_101' title='bbox 766 987 870 1044; x_wconf 88' lang='lat' dir='ltr'>noster,</span> <span class='ocrx_word' id='word_1_102' title='bbox 884 987 964 1047; x_wconf 90' lang='lat' dir='ltr'>atque</span> <span class='ocrx_word' id='word_1_103' title='bbox 978 976 1113 1043; x_wconf 68' lang='lat' dir='ltr'>allicitur</span> <span class='ocrx_word' id='word_1_104' title='bbox 1163 971 1269 1037; x_wconf 84' lang='lat' dir='ltr'>lusores,</span> <span class='ocrx_word' id='word_1_105' title='bbox 1283 979 1307 1027; x_wconf 89' lang='lat' dir='ltr'>ct</span> <span class='ocrx_word' id='word_1_106' title='bbox 1323 984 1487 1044; x_wconf 78' lang='lat' dir='ltr'>sumptores</span> <span class='ocrx_word' id='word_1_107' title='bbox 1501 972 1602 1029; x_wconf 84' lang='lat' dir='ltr'>inimice</span> <span class='ocrx_word' id='word_1_108' title='bbox 1625 968 1715 1044; x_wconf 83' lang='lat' dir='ltr'>(editi</span> <span class='ocrx_word' id='word_1_109' title='bbox 1724 973 1837 1046; x_wconf 66' lang='lat' dir='ltr'>msice)</span> <span class='ocrx_word' id='word_1_110' title='bbox 1847 973 1969 1047; x_wconf 81' lang='lat' dir='ltr'>phileso-</span> 
     </span>
    </p>
   </div>
   <div class='ocr_carea' id='block_1_3' title="bbox 196 1062 1969 1141">
    <p class='ocr_par' dir='ltr' id='par_1_3' title="bbox 196 1062 1969 1141">
     <span class='ocr_line' id='line_1_9' title="bbox 196 1062 1969 1141; baseline 0.002 -19"><span class='ocrx_word' id='word_1_111' title='bbox 196 1115 201 1122; x_wconf 93' lang='lat'>.</span> <span class='ocrx_word' id='word_1_112' title='bbox 311 1069 376 1128; x_wconf 89' lang='lat' dir='ltr'>alibi</span> <span class='ocrx_word' id='word_1_113' title='bbox 401 1069 568 1126; x_wconf 84' lang='lat' dir='ltr'>ostendimus</span> <span class='ocrx_word' id='word_1_114' title='bbox 591 1071 599 1128; x_wconf 92' lang='lat' dir='ltr'>l</span> <span class='ocrx_word' id='word_1_115' title='bbox 624 1067 759 1124; x_wconf 79' lang='lat' dir='ltr'>dissertat.</span> <span class='ocrx_word' id='word_1_116' title='bbox 783 1069 811 1124; x_wconf 87' lang='lat' dir='ltr'>in</span> <span class='ocrx_word' id='word_1_117' title='bbox 832 1067 963 1137; x_wconf 75' lang='lat' dir='ltr'>ductent..</span> <span class='ocrx_word' id='word_1_118' title='bbox 984 1086 1043 1141; x_wconf 88' lang='lat' dir='ltr'>cop.</span> <span class='ocrx_word' id='word_1_119' title='bbox 1064 1070 1110 1138; x_wconf 91' lang='lat' dir='ltr'>ll,</span> <span class='ocrx_word' id='word_1_120' title='bbox 1164 1064 1210 1134; x_wconf 83' lang='lat' dir='ltr'>phi</span> <span class='ocrx_word' id='word_1_121' title='bbox 1222 1062 1355 1134; x_wconf 65' lang='lat' dir='ltr'>affectent.</span> <span class='ocrx_word' id='word_1_122' title='bbox 1370 1064 1425 1121; x_wconf 84' lang='lat' dir='ltr'>Cur</span> <span class='ocrx_word' id='word_1_123' title='bbox 1446 1074 1536 1121; x_wconf 87' lang='lat' dir='ltr'>nutem</span> <span class='ocrx_word' id='word_1_124' title='bbox 1551 1064 1682 1136; x_wconf 77' lang='lat' dir='ltr'>liiqaltius</span> <span class='ocrx_word' id='word_1_125' title='bbox 1695 1064 1787 1122; x_wconf 77' lang='lat' dir='ltr'>ononis</span> <span class='ocrx_word' id='word_1_126' title='bbox 1811 1065 1869 1124; x_wconf 81' lang='lat' dir='ltr'>haee</span> <span class='ocrx_word' id='word_1_127' title='bbox 1886 1081 1969 1125; x_wconf 83' lang='lat' dir='ltr'>rese-</span> 
     </span>
    </p>
   </div>
   <div class='ocr_carea' id='block_1_4' title="bbox 310 1158 1969 2904">
    <p class='ocr_par' dir='ltr' id='par_1_4' title="bbox 310 1158 1969 1787">
     <span class='ocr_line' id='line_1_10' title="bbox 312 1158 1969 1235; baseline 0.001 -19"><span class='ocrx_word' id='word_1_128' title='bbox 312 1171 363 1219; x_wconf 88' lang='lat' dir='ltr'>ert.</span> <span class='ocrx_word' id='word_1_129' title='bbox 380 1159 430 1235; x_wconf 74' lang='grc'>5),</span> <span class='ocrx_word' id='word_1_130' title='bbox 447 1160 584 1219; x_wconf 63' lang='lat' dir='ltr'>solomoni</span> <span class='ocrx_word' id='word_1_131' title='bbox 597 1160 756 1217; x_wconf 89' lang='lat' dir='ltr'>nominatim</span> <span class='ocrx_word' id='word_1_132' title='bbox 779 1160 910 1218; x_wconf 89' lang='lat' dir='ltr'>tribuunt.</span> <span class='ocrx_word' id='word_1_133' title='bbox 933 1159 1007 1218; x_wconf 85' lang='lat' dir='ltr'>Licet</span> <span class='ocrx_word' id='word_1_134' title='bbox 1021 1171 1111 1218; x_wconf 90' lang='lat' dir='ltr'>autem</span> <span class='ocrx_word' id='word_1_135' title='bbox 1163 1158 1275 1225; x_wconf 82' lang='lat' dir='ltr'>canerit,</span> <span class='ocrx_word' id='word_1_136' title='bbox 1287 1159 1419 1216; x_wconf 90' lang='lat' dir='ltr'>rationem</span> <span class='ocrx_word' id='word_1_137' title='bbox 1434 1159 1457 1214; x_wconf 92' lang='lat' dir='ltr'>si</span> <span class='ocrx_word' id='word_1_138' title='bbox 1471 1173 1588 1231; x_wconf 77' lang='lat' dir='ltr'>quaeras,</span> <span class='ocrx_word' id='word_1_139' title='bbox 1609 1158 1710 1215; x_wconf 88' lang='lat' dir='ltr'>nullam</span> <span class='ocrx_word' id='word_1_140' title='bbox 1723 1158 1758 1215; x_wconf 90' lang='lat' dir='ltr'>ab</span> <span class='ocrx_word' id='word_1_141' title='bbox 1768 1173 1803 1216; x_wconf 92' lang='lat' dir='ltr'>eo</span> <span class='ocrx_word' id='word_1_142' title='bbox 1815 1160 1905 1217; x_wconf 84' lang='lat' dir='ltr'>datam</span> <span class='ocrx_word' id='word_1_143' title='bbox 1921 1160 1969 1217; x_wconf 89' lang='lat' dir='ltr'>in·</span> 
     </span>
     <span class='ocr_line' id='line_1_11' title="bbox 313 1250 1966 1334; baseline 0.001 -25"><span class='ocrx_word' id='word_1_144' title='bbox 313 1253 337 1309; x_wconf 91' lang='lat' dir='ltr'>ei</span> <span class='ocrx_word' id='word_1_145' title='bbox 353 1252 566 1325; x_wconf 83' lang='lat' dir='ltr'>abjudicaretur,</span> <span class='ocrx_word' id='word_1_146' title='bbox 575 1267 630 1308; x_wconf 91' lang='lat' dir='ltr'>non</span> <span class='ocrx_word' id='word_1_147' title='bbox 644 1253 733 1309; x_wconf 90' lang='lat' dir='ltr'>mintts</span> <span class='ocrx_word' id='word_1_148' title='bbox 744 1265 808 1309; x_wconf 83' lang='lat' dir='ltr'>sera</span> <span class='ocrx_word' id='word_1_149' title='bbox 821 1260 880 1308; x_wconf 91' lang='lat' dir='ltr'>erat</span> <span class='ocrx_word' id='word_1_150' title='bbox 891 1252 949 1310; x_wconf 79' lang='lat' dir='ltr'>lutee</span> <span class='ocrx_word' id='word_1_151' title='bbox 966 1254 1111 1310; x_wconf 90' lang='lat' dir='ltr'>sententia.</span> <span class='ocrx_word' id='word_1_152' title='bbox 1163 1253 1266 1310; x_wconf 84' lang='lat' dir='ltr'>vesties.</span> <span class='ocrx_word' id='word_1_153' title='bbox 1295 1252 1379 1334; x_wconf 82' lang='lat' dir='ltr'>Quid</span> <span class='ocrx_word' id='word_1_154' title='bbox 1395 1253 1480 1325; x_wconf 78' lang='lat' dir='ltr'>erqo?</span> <span class='ocrx_word' id='word_1_155' title='bbox 1502 1251 1638 1323; x_wconf 86' lang='lat' dir='ltr'>Numquid</span> <span class='ocrx_word' id='word_1_156' title='bbox 1664 1250 1819 1309; x_wconf 88' lang='lat' dir='ltr'>obscuriora</span> <span class='ocrx_word' id='word_1_157' title='bbox 1840 1265 1872 1309; x_wconf 87' lang='lat' dir='ltr'>ca</span> <span class='ocrx_word' id='word_1_158' title='bbox 1897 1266 1966 1310; x_wconf 86' lang='lat' dir='ltr'>esse</span> 
     </span>
     <span class='ocr_line' id='line_1_12' title="bbox 312 1342 1966 1418; baseline -0.001 -16"><span class='ocrx_word' id='word_1_159' title='bbox 312 1348 349 1403; x_wconf 80' lang='lat' dir='ltr'>At</span> <span class='ocrx_word' id='word_1_160' title='bbox 361 1344 499 1417; x_wconf 88' lang='lat' dir='ltr'>quomodo</span> <span class='ocrx_word' id='word_1_161' title='bbox 512 1344 665 1416; x_wconf 88' lang='lat' dir='ltr'>philosophi</span> <span class='ocrx_word' id='word_1_162' title='bbox 679 1344 795 1415; x_wconf 75' lang='lat' dir='ltr'>gentiles</span> <span class='ocrx_word' id='word_1_163' title='bbox 806 1352 931 1415; x_wconf 88' lang='lat' dir='ltr'>poterant</span> <span class='ocrx_word' id='word_1_164' title='bbox 945 1344 1049 1400; x_wconf 91' lang='lat' dir='ltr'>initium</span> <span class='ocrx_word' id='word_1_165' title='bbox 1064 1345 1113 1401; x_wconf 89' lang='lat' dir='ltr'>ha·</span> <span class='ocrx_word' id='word_1_166' title='bbox 1164 1345 1276 1418; x_wconf 83' lang='lat' dir='ltr'>putarit,</span> <span class='ocrx_word' id='word_1_167' title='bbox 1288 1354 1316 1401; x_wconf 93' lang='lat' dir='ltr'>et</span> <span class='ocrx_word' id='word_1_168' title='bbox 1329 1344 1542 1402; x_wconf 83' lang='lat' dir='ltr'>ideorollendal</span> <span class='ocrx_word' id='word_1_169' title='bbox 1555 1344 1638 1401; x_wconf 89' lang='lat' dir='ltr'>lieete</span> <span class='ocrx_word' id='word_1_170' title='bbox 1647 1342 1764 1416; x_wconf 85' lang='lat' dir='ltr'>quidem,</span> <span class='ocrx_word' id='word_1_171' title='bbox 1780 1344 1802 1400; x_wconf 89' lang='lat' dir='ltr'>si</span> <span class='ocrx_word' id='word_1_172' title='bbox 1811 1344 1894 1416; x_wconf 90' lang='lat' dir='ltr'>ipsius</span> <span class='ocrx_word' id='word_1_173' title='bbox 1905 1360 1966 1402; x_wconf 91' lang='lat' dir='ltr'>nun</span> 
     </span>
     <span class='ocr_line' id='line_1_13' title="bbox 312 1433 1968 1509; baseline -0.001 -14"><span class='ocrx_word' id='word_1_174' title='bbox 312 1437 378 1495; x_wconf 85' lang='lat' dir='ltr'>berc</span> <span class='ocrx_word' id='word_1_175' title='bbox 392 1435 531 1508; x_wconf 76' lang='lat' dir='ltr'>sapientis</span> <span class='ocrx_word' id='word_1_176' title='bbox 546 1436 629 1493; x_wconf 80' lang='lat' dir='ltr'>heum</span> <span class='ocrx_word' id='word_1_177' title='bbox 641 1436 769 1503; x_wconf 90' lang='lat' dir='ltr'>timendo,</span> <span class='ocrx_word' id='word_1_178' title='bbox 784 1450 863 1507; x_wconf 90' lang='lat' dir='ltr'>quem</span> <span class='ocrx_word' id='word_1_179' title='bbox 880 1450 1016 1508; x_wconf 87' lang='lat' dir='ltr'>nunqnam</span> <span class='ocrx_word' id='word_1_180' title='bbox 1029 1451 1113 1509; x_wconf 80' lang='lat' dir='ltr'>aquo·</span> <span class='ocrx_word' id='word_1_181' title='bbox 1164 1436 1269 1509; x_wconf 90' lang='lat' dir='ltr'>atttiqui</span> <span class='ocrx_word' id='word_1_182' title='bbox 1285 1436 1409 1493; x_wconf 77' lang='lat' dir='ltr'>Auctoris</span> <span class='ocrx_word' id='word_1_183' title='bbox 1419 1433 1500 1492; x_wconf 85' lang='lat' dir='ltr'>rerba</span> <span class='ocrx_word' id='word_1_184' title='bbox 1512 1446 1614 1501; x_wconf 88' lang='lat' dir='ltr'>essent,</span> <span class='ocrx_word' id='word_1_185' title='bbox 1629 1451 1691 1507; x_wconf 82' lang='lat' dir='ltr'>quae</span> <span class='ocrx_word' id='word_1_186' title='bbox 1700 1435 1882 1508; x_wconf 87' lang='lat' dir='ltr'>supprimendi</span> <span class='ocrx_word' id='word_1_187' title='bbox 1899 1436 1968 1493; x_wconf 88' lang='lat' dir='ltr'>nul·</span> 
     </span>
     <span class='ocr_line' id='line_1_14' title="bbox 310 1528 1961 1603; baseline -0.001 -16"><span class='ocrx_word' id='word_1_188' title='bbox 310 1531 432 1589; x_wconf 81' lang='lat' dir='ltr'>scrutati</span> <span class='ocrx_word' id='word_1_189' title='bbox 443 1529 589 1587; x_wconf 77' lang='lat' dir='ltr'>Christiani</span> <span class='ocrx_word' id='word_1_190' title='bbox 603 1540 692 1586; x_wconf 85' lang='lat' dir='ltr'>autern</span> <span class='ocrx_word' id='word_1_191' title='bbox 708 1545 770 1588; x_wconf 91' lang='lat' dir='ltr'>cum</span> <span class='ocrx_word' id='word_1_192' title='bbox 787 1545 881 1587; x_wconf 81' lang='lat' dir='ltr'>resera</span> <span class='ocrx_word' id='word_1_193' title='bbox 902 1531 1112 1603; x_wconf 76' lang='lat' dir='ltr'>cognoscebant,</span> <span class='ocrx_word' id='word_1_194' title='bbox 1164 1529 1207 1585; x_wconf 91' lang='lat' dir='ltr'>lus</span> <span class='ocrx_word' id='word_1_195' title='bbox 1220 1528 1318 1596; x_wconf 84' lang='lat' dir='ltr'>editor,</span> <span class='ocrx_word' id='word_1_196' title='bbox 1332 1528 1385 1584; x_wconf 92' lang='lat' dir='ltr'>nisi</span> <span class='ocrx_word' id='word_1_197' title='bbox 1397 1528 1501 1585; x_wconf 90' lang='lat' dir='ltr'>reddita</span> <span class='ocrx_word' id='word_1_198' title='bbox 1515 1529 1631 1597; x_wconf 87' lang='lat' dir='ltr'>ratione,</span> <span class='ocrx_word' id='word_1_199' title='bbox 1654 1528 1700 1599; x_wconf 76' lang='lat' dir='ltr'>ius</span> <span class='ocrx_word' id='word_1_200' title='bbox 1721 1542 1839 1601; x_wconf 87' lang='lat' dir='ltr'>unquam</span> <span class='ocrx_word' id='word_1_201' title='bbox 1854 1529 1961 1587; x_wconf 84' lang='lat' dir='ltr'>babuit.</span> 
     </span>
     <span class='ocr_line' id='line_1_15' title="bbox 312 1621 1964 1702; baseline -0.001 -20"><span class='ocrx_word' id='word_1_202' title='bbox 312 1639 345 1682; x_wconf 90' lang='lat' dir='ltr'>ac</span> <span class='ocrx_word' id='word_1_203' title='bbox 364 1624 505 1691; x_wconf 85' lang='lat' dir='ltr'>timebant,</span> <span class='ocrx_word' id='word_1_204' title='bbox 517 1632 599 1696; x_wconf 91' lang='lat' dir='ltr'>atque</span> <span class='ocrx_word' id='word_1_205' title='bbox 613 1623 713 1682; x_wconf 89' lang='lat' dir='ltr'>idcirco</span> <span class='ocrx_word' id='word_1_206' title='bbox 730 1623 780 1680; x_wconf 92' lang='lat' dir='ltr'>hoe</span> <span class='ocrx_word' id='word_1_207' title='bbox 792 1623 901 1702; x_wconf 77' lang='lat' dir='ltr'>prediti</span> <span class='ocrx_word' id='word_1_208' title='bbox 915 1634 994 1682; x_wconf 88' lang='lat' dir='ltr'>eram</span> <span class='ocrx_word' id='word_1_209' title='bbox 1007 1629 1114 1698; x_wconf 89' lang='lat' dir='ltr'>sapien·</span> <span class='ocrx_word' id='word_1_210' title='bbox 1164 1623 1201 1680; x_wconf 77' lang='lat' dir='ltr'>At</span> <span class='ocrx_word' id='word_1_211' title='bbox 1210 1638 1301 1681; x_wconf 90' lang='lat' dir='ltr'>nonne</span> <span class='ocrx_word' id='word_1_212' title='bbox 1315 1636 1425 1680; x_wconf 75' lang='lat' dir='ltr'>mosum</span> <span class='ocrx_word' id='word_1_213' title='bbox 1441 1622 1514 1678; x_wconf 91' lang='lat' dir='ltr'>hunc</span> <span class='ocrx_word' id='word_1_214' title='bbox 1526 1623 1658 1695; x_wconf 89' lang='lat' dir='ltr'>optimum</span> <span class='ocrx_word' id='word_1_215' title='bbox 1667 1621 1810 1680; x_wconf 81' lang='lat' dir='ltr'>eldeittnti</span> <span class='ocrx_word' id='word_1_216' title='bbox 1828 1621 1964 1693; x_wconf 76' lang='lat' dir='ltr'>Quaemm</span> 
     </span>
     <span class='ocr_line' id='line_1_16' title="bbox 312 1714 1962 1787; baseline 0.001 -15"><span class='ocrx_word' id='word_1_217' title='bbox 312 1716 357 1774; x_wconf 81' lang='lat' dir='ltr'>tim</span> <span class='ocrx_word' id='word_1_218' title='bbox 369 1716 455 1773; x_wconf 87' lang='lat' dir='ltr'>initio.</span> <span class='ocrx_word' id='word_1_219' title='bbox 1164 1715 1264 1773; x_wconf 81' lang='lat' dir='ltr'>sertus</span> <span class='ocrx_word' id='word_1_220' title='bbox 1275 1714 1339 1772; x_wconf 90' lang='lat' dir='ltr'>odio</span> <span class='ocrx_word' id='word_1_221' title='bbox 1353 1714 1479 1782; x_wconf 88' lang='lat' dir='ltr'>habetur,</span> <span class='ocrx_word' id='word_1_222' title='bbox 1495 1723 1597 1771; x_wconf 77' lang='lat' dir='ltr'>motum</span> <span class='ocrx_word' id='word_1_223' title='bbox 1612 1715 1658 1787; x_wconf 88' lang='lat' dir='ltr'>qui</span> <span class='ocrx_word' id='word_1_224' title='bbox 1677 1729 1738 1772; x_wconf 81' lang='lat' dir='ltr'>eum</span> <span class='ocrx_word' id='word_1_225' title='bbox 1752 1714 1859 1774; x_wconf 83' lang='lat' dir='ltr'>sincere</span> <span class='ocrx_word' id='word_1_226' title='bbox 1872 1716 1962 1787; x_wconf 82' lang='lat' dir='ltr'>uocet,</span> 
     </span>
    </p>

    <p class='ocr_par' dir='ltr' id='par_1_5' title="bbox 312 1805 1965 2904">
     <span class='ocr_line' id='line_1_17' title="bbox 349 1805 1964 1883; baseline 0.001 -19"><span class='ocrx_word' id='word_1_227' title='bbox 349 1807 483 1865; x_wconf 76' lang='lat' dir='ltr'>Praeterea</span> <span class='ocrx_word' id='word_1_228' title='bbox 497 1807 523 1863; x_wconf 90' lang='lat' dir='ltr'>lti</span> <span class='ocrx_word' id='word_1_229' title='bbox 540 1824 593 1865; x_wconf 92' lang='lat' dir='ltr'>nou</span> <span class='ocrx_word' id='word_1_230' title='bbox 607 1809 694 1865; x_wconf 89' lang='lat' dir='ltr'>sulum</span> <span class='ocrx_word' id='word_1_231' title='bbox 718 1824 753 1865; x_wconf 82' lang='lat' dir='ltr'>ex</span> <span class='ocrx_word' id='word_1_232' title='bbox 776 1808 838 1875; x_wconf 90' lang='lat' dir='ltr'>boc,</span> <span class='ocrx_word' id='word_1_233' title='bbox 863 1808 912 1866; x_wconf 89' lang='lat' dir='ltr'>sed</span> <span class='ocrx_word' id='word_1_234' title='bbox 930 1809 992 1867; x_wconf 86' lang='lat' dir='ltr'>aliis</span> <span class='ocrx_word' id='word_1_235' title='bbox 1005 1817 1151 1883; x_wconf 73' lang='lat' dir='ltr'>quinquen</span> <span class='ocrx_word' id='word_1_236' title='bbox 1165 1808 1189 1865; x_wconf 90' lang='lat' dir='ltr'>is</span> <span class='ocrx_word' id='word_1_237' title='bbox 1201 1806 1397 1864; x_wconf 83' lang='lat' dir='ltr'>attosotteuun.</span> <span class='ocrx_word' id='word_1_238' title='bbox 1410 1806 1562 1876; x_wconf 85' lang='lat' dir='ltr'>Quiautem</span> <span class='ocrx_word' id='word_1_239' title='bbox 1574 1822 1635 1864; x_wconf 82' lang='lat' dir='ltr'>earn</span> <span class='ocrx_word' id='word_1_240' title='bbox 1656 1805 1808 1865; x_wconf 72' lang='lat' dir='ltr'>affectando</span> <span class='ocrx_word' id='word_1_241' title='bbox 1817 1808 1964 1879; x_wconf 84' lang='lat' dir='ltr'>adulterat,</span> 
     </span>
     <span class='ocr_line' id='line_1_18' title="bbox 314 1894 1965 1975; baseline 0.002 -18"><span class='ocrx_word' id='word_1_242' title='bbox 314 1913 398 1957; x_wconf 80' lang='lat' dir='ltr'>sacrm</span> <span class='ocrx_word' id='word_1_243' title='bbox 408 1898 556 1972; x_wconf 76' lang='lat' dir='ltr'>Scriptura</span> <span class='ocrx_word' id='word_1_244' title='bbox 567 1900 651 1967; x_wconf 90' lang='lat' dir='ltr'>libris,</span> <span class='ocrx_word' id='word_1_245' title='bbox 662 1910 789 1972; x_wconf 85' lang='lat' dir='ltr'>tanquam</span> <span class='ocrx_word' id='word_1_246' title='bbox 797 1901 895 1958; x_wconf 80' lang='lat' dir='ltr'>diuinis</span> <span class='ocrx_word' id='word_1_247' title='bbox 909 1894 1113 1975; x_wconf 84' lang='lat' dir='ltr'>purissimisque</span> <span class='ocrx_word' id='word_1_248' title='bbox 1164 1900 1212 1957; x_wconf 89' lang='lat' dir='ltr'>hoe</span> <span class='ocrx_word' id='word_1_249' title='bbox 1223 1901 1280 1973; x_wconf 87' lang='lat' dir='ltr'>ipro</span> <span class='ocrx_word' id='word_1_250' title='bbox 1292 1901 1393 1956; x_wconf 86' lang='lat' dir='ltr'>nornine</span> <span class='ocrx_word' id='word_1_251' title='bbox 1404 1898 1526 1956; x_wconf 89' lang='lat' dir='ltr'>eamdem</span> <span class='ocrx_word' id='word_1_252' title='bbox 1538 1900 1651 1973; x_wconf 74' lang='lat' dir='ltr'>gratiam</span> <span class='ocrx_word' id='word_1_253' title='bbox 1659 1899 1729 1971; x_wconf 83' lang='lat' dir='ltr'>apud</span> <span class='ocrx_word' id='word_1_254' title='bbox 1736 1898 1808 1957; x_wconf 90' lang='lat' dir='ltr'>illius</span> <span class='ocrx_word' id='word_1_255' title='bbox 1816 1900 1965 1960; x_wconf 88' lang='lat' dir='ltr'>inssetsto·</span> 
     </span>
     <span class='ocr_line' id='line_1_19' title="bbox 312 1992 1962 2067; baseline 0.004 -19"><span class='ocrx_word' id='word_1_256' title='bbox 312 1992 429 2051; x_wconf 86' lang='lat' dir='ltr'>iontlhus</span> <span class='ocrx_word' id='word_1_257' title='bbox 442 1992 565 2050; x_wconf 85' lang='lat' dir='ltr'>haustam</span> <span class='ocrx_word' id='word_1_258' title='bbox 580 1995 721 2051; x_wconf 86' lang='lat' dir='ltr'>veritatem</span> <span class='ocrx_word' id='word_1_259' title='bbox 732 1994 802 2051; x_wconf 89' lang='lat' dir='ltr'>ltane</span> <span class='ocrx_word' id='word_1_260' title='bbox 816 1996 974 2066; x_wconf 89' lang='lat' dir='ltr'>sapientiam</span> <span class='ocrx_word' id='word_1_261' title='bbox 987 2010 1114 2053; x_wconf 90' lang='lat' dir='ltr'>necessa·</span> <span class='ocrx_word' id='word_1_262' title='bbox 1163 2008 1209 2051; x_wconf 92' lang='lat' dir='ltr'>res</span> <span class='ocrx_word' id='word_1_263' title='bbox 1219 1994 1288 2061; x_wconf 88' lang='lat' dir='ltr'>init,</span> <span class='ocrx_word' id='word_1_264' title='bbox 1306 2009 1386 2067; x_wconf 89' lang='lat' dir='ltr'>quam</span> <span class='ocrx_word' id='word_1_265' title='bbox 1401 1992 1527 2052; x_wconf 82' lang='lat' dir='ltr'>illusores</span> <span class='ocrx_word' id='word_1_266' title='bbox 1539 2003 1568 2051; x_wconf 89' lang='lat' dir='ltr'>et</span> <span class='ocrx_word' id='word_1_267' title='bbox 1580 2003 1765 2065; x_wconf 77' lang='lat' dir='ltr'>corruptores.</span> <span class='ocrx_word' id='word_1_268' title='bbox 1779 1993 1962 2063; x_wconf 79' lang='lat' dir='ltr'>Quamobrem</span> 
     </span>
     <span class='ocr_line' id='line_1_20' title="bbox 315 2073 1963 2163; baseline 0.004 -21"><span class='ocrx_word' id='word_1_269' title='bbox 315 2085 367 2154; x_wconf 92' lang='lat' dir='ltr'>rio,</span> <span class='ocrx_word' id='word_1_270' title='bbox 381 2087 419 2144; x_wconf 91' lang='lat' dir='ltr'>ait</span> <span class='ocrx_word' id='word_1_271' title='bbox 431 2086 622 2155; x_wconf 81' lang='lat' dir='ltr'>Tertullianus,</span> <span class='ocrx_word' id='word_1_272' title='bbox 643 2096 845 2152; x_wconf 86' lang='lat' dir='ltr'>consectantur.</span> <span class='ocrx_word' id='word_1_273' title='bbox 860 2096 890 2144; x_wconf 90' lang='lat' dir='ltr'>ut</span> <span class='ocrx_word' id='word_1_274' title='bbox 909 2097 1018 2145; x_wconf 75' lang='lat' dir='ltr'>emenso</span> <span class='ocrx_word' id='word_1_275' title='bbox 1030 2088 1113 2147; x_wconf 90' lang='lat' dir='ltr'>saluti</span> <span class='ocrx_word' id='word_1_276' title='bbox 1164 2073 1279 2162; x_wconf 76' lang='lat' dir='ltr'>gentiles</span> <span class='ocrx_word' id='word_1_277' title='bbox 1297 2088 1451 2162; x_wconf 87' lang='lat' dir='ltr'>philosophi</span> <span class='ocrx_word' id='word_1_278' title='bbox 1480 2088 1597 2162; x_wconf 74' lang='lat' dir='ltr'>agnitam</span> <span class='ocrx_word' id='word_1_279' title='bbox 1614 2088 1756 2148; x_wconf 81' lang='lat' dir='ltr'>ueritatem</span> <span class='ocrx_word' id='word_1_280' title='bbox 1767 2097 1897 2163; x_wconf 83' lang='lat' dir='ltr'>tanquam</span> <span class='ocrx_word' id='word_1_281' title='bbox 1911 2092 1963 2148; x_wconf 86' lang='lat' dir='ltr'>mi·</span> 
     </span>
     <span class='ocr_line' id='line_1_21' title="bbox 314 2175 1962 2256; baseline 0.004 -22"><span class='ocrx_word' id='word_1_282' title='bbox 314 2192 371 2235; x_wconf 80' lang='lat' dir='ltr'>sum</span> <span class='ocrx_word' id='word_1_283' title='bbox 392 2179 535 2236; x_wconf 70' lang='lat' dir='ltr'>consulant</span> <span class='ocrx_word' id='word_1_284' title='bbox 547 2180 558 2254; x_wconf 91' lang='grc'>(</span> <span class='ocrx_word' id='word_1_285' title='bbox 570 2175 722 2236; x_wconf 86' lang='lat' dir='ltr'>Tertullion&#39;.</span> <span class='ocrx_word' id='word_1_286' title='bbox 744 2180 894 2253; x_wconf 66' lang='lat' dir='ltr'>Apotopet„</span> <span class='ocrx_word' id='word_1_287' title='bbox 909 2198 969 2256; x_wconf 87' lang='lat' dir='ltr'>cup.</span> <span class='ocrx_word' id='word_1_288' title='bbox 981 2183 1035 2251; x_wconf 82' lang='lat' dir='ltr'>ts,</span> <span class='ocrx_word' id='word_1_289' title='bbox 1050 2199 1112 2256; x_wconf 81' lang='lat' dir='ltr'>paq.</span> <span class='ocrx_word' id='word_1_290' title='bbox 1164 2183 1201 2238; x_wconf 92' lang='lat' dir='ltr'>mi</span> <span class='ocrx_word' id='word_1_291' title='bbox 1214 2182 1328 2240; x_wconf 81' lang='lat' dir='ltr'>aliumne</span> <span class='ocrx_word' id='word_1_292' title='bbox 1344 2181 1426 2249; x_wconf 91' lang='lat' dir='ltr'>diota,</span> <span class='ocrx_word' id='word_1_293' title='bbox 1450 2182 1534 2250; x_wconf 87' lang='lat' dir='ltr'>laeta,</span> <span class='ocrx_word' id='word_1_294' title='bbox 1560 2189 1589 2238; x_wconf 89' lang='lat' dir='ltr'>et</span> <span class='ocrx_word' id='word_1_295' title='bbox 1609 2194 1752 2253; x_wconf 88' lang='lat' dir='ltr'>personas,</span> <span class='ocrx_word' id='word_1_296' title='bbox 1777 2180 1902 2240; x_wconf 79' lang='lat' dir='ltr'>adesum</span> <span class='ocrx_word' id='word_1_297' title='bbox 1927 2199 1962 2242; x_wconf 89' lang='lat' dir='ltr'>sc</span> 
     </span>
     <span class='ocr_line' id='line_1_22' title="bbox 321 2271 1961 2349; baseline 0.002 -19"><span class='ocrx_word' id='word_1_298' title='bbox 321 2271 398 2345; x_wconf 77' lang='lat' dir='ltr'>ooo).</span> <span class='ocrx_word' id='word_1_299' title='bbox 412 2272 532 2330; x_wconf 86' lang='lat' dir='ltr'>Gentiles</span> <span class='ocrx_word' id='word_1_300' title='bbox 553 2287 619 2330; x_wconf 83' lang='lat' dir='ltr'>tero</span> <span class='ocrx_word' id='word_1_301' title='bbox 643 2272 794 2346; x_wconf 88' lang='lat' dir='ltr'>philosophi</span> <span class='ocrx_word' id='word_1_302' title='bbox 821 2274 982 2342; x_wconf 82' lang='lat' dir='ltr'>ceritatem,</span> <span class='ocrx_word' id='word_1_303' title='bbox 1005 2275 1112 2349; x_wconf 88' lang='lat' dir='ltr'>inquit,</span> <span class='ocrx_word' id='word_1_304' title='bbox 1164 2284 1353 2347; x_wconf 90' lang='lat' dir='ltr'>corrumpunt.</span> <span class='ocrx_word' id='word_1_305' title='bbox 1386 2275 1493 2332; x_wconf 81' lang='lat' dir='ltr'>uixisse</span> <span class='ocrx_word' id='word_1_306' title='bbox 1519 2283 1609 2331; x_wconf 85' lang='lat' dir='ltr'>autem</span> <span class='ocrx_word' id='word_1_307' title='bbox 1635 2273 1819 2333; x_wconf 79' lang='lat' dir='ltr'>Tertullianus</span> <span class='ocrx_word' id='word_1_308' title='bbox 1844 2275 1961 2348; x_wconf 82' lang='lat' dir='ltr'>ridetur,</span> 
     </span>
     <span class='ocr_line' id='line_1_23' title="bbox 313 2362 1960 2443; baseline 0.004 -25"><span class='ocrx_word' id='word_1_309' title='bbox 313 2362 454 2435; x_wconf 67' lang='lat' dir='ltr'>offerunt,</span> <span class='ocrx_word' id='word_1_310' title='bbox 470 2374 494 2421; x_wconf 88' lang='lat' dir='ltr'>et</span> <span class='ocrx_word' id='word_1_311' title='bbox 518 2364 664 2434; x_wconf 68' lang='lat' dir='ltr'>affectando</span> <span class='ocrx_word' id='word_1_312' title='bbox 684 2378 869 2440; x_wconf 85' lang='lat' dir='ltr'>corrumpunt,</span> <span class='ocrx_word' id='word_1_313' title='bbox 885 2376 915 2423; x_wconf 91' lang='lat' dir='ltr'>stt</span> <span class='ocrx_word' id='word_1_314' title='bbox 935 2369 979 2439; x_wconf 89' lang='lat' dir='ltr'>qui</span> <span class='ocrx_word' id='word_1_315' title='bbox 1002 2369 1114 2443; x_wconf 80' lang='lat' dir='ltr'>plocium</span> <span class='ocrx_word' id='word_1_316' title='bbox 1164 2366 1636 2441; x_wconf 85' lang='lat' dir='ltr'>philosophosailectasseveritatem</span> <span class='ocrx_word' id='word_1_317' title='bbox 1652 2379 1706 2423; x_wconf 90' lang='lat' dir='ltr'>non</span> <span class='ocrx_word' id='word_1_318' title='bbox 1720 2365 1828 2438; x_wconf 85' lang='lat' dir='ltr'>quidem</span> <span class='ocrx_word' id='word_1_319' title='bbox 1849 2367 1960 2437; x_wconf 65' lang='lat' dir='ltr'>iriense,</span> 
     </span>
     <span class='ocr_line' id='line_1_24' title="bbox 312 2456 1962 2533; baseline 0.002 -20"><span class='ocrx_word' id='word_1_320' title='bbox 312 2464 416 2530; x_wconf 84' lang='lat' dir='ltr'>coptam</span> <span class='ocrx_word' id='word_1_321' title='bbox 431 2458 441 2529; x_wconf 92' lang='lat'><strong>(</strong></span> <span class='ocrx_word' id='word_1_322' title='bbox 455 2456 524 2513; x_wconf 85' lang='lat' dir='ltr'>tota.</span> <span class='ocrx_word' id='word_1_323' title='bbox 539 2475 596 2530; x_wconf 88' lang='lat' dir='ltr'>cop.</span> <span class='ocrx_word' id='word_1_324' title='bbox 610 2458 657 2527; x_wconf 82' lang='lat' dir='ltr'>li,</span> <span class='ocrx_word' id='word_1_325' title='bbox 678 2475 739 2532; x_wconf 85' lang='lat' dir='ltr'>pop.</span> <span class='ocrx_word' id='word_1_326' title='bbox 755 2457 809 2517; x_wconf 80' lang='lat' dir='ltr'>tto</span> <span class='ocrx_word' id='word_1_327' title='bbox 820 2460 841 2533; x_wconf 88' lang='lat'>).</span> <span class='ocrx_word' id='word_1_328' title='bbox 856 2459 929 2517; x_wconf 85' lang='lat' dir='ltr'>Nibil</span> <span class='ocrx_word' id='word_1_329' title='bbox 947 2462 1046 2533; x_wconf 89' lang='lat' dir='ltr'>quippe</span> <span class='ocrx_word' id='word_1_330' title='bbox 1070 2462 1113 2520; x_wconf 91' lang='lat' dir='ltr'>eis</span> <span class='ocrx_word' id='word_1_331' title='bbox 1165 2470 1195 2518; x_wconf 94' lang='lat' dir='ltr'>ut</span> <span class='ocrx_word' id='word_1_332' title='bbox 1207 2462 1235 2518; x_wconf 91' lang='lat' dir='ltr'>in</span> <span class='ocrx_word' id='word_1_333' title='bbox 1251 2460 1391 2518; x_wconf 91' lang='lat' dir='ltr'>codicibus</span> <span class='ocrx_word' id='word_1_334' title='bbox 1400 2458 1592 2527; x_wconf 86' lang='lat' dir='ltr'>manuscriptis</span> <span class='ocrx_word' id='word_1_335' title='bbox 1610 2458 1741 2529; x_wconf 85' lang='lat' dir='ltr'>seriptum</span> <span class='ocrx_word' id='word_1_336' title='bbox 1758 2466 1800 2516; x_wconf 90' lang='lat' dir='ltr'>est</span> <span class='ocrx_word' id='word_1_337' title='bbox 1813 2460 1962 2517; x_wconf 75' lang='lat' dir='ltr'>scribmura</span> 
     </span>
     <span class='ocr_line' id='line_1_25' title="bbox 312 2537 1961 2625; baseline 0.002 -18"><span class='ocrx_word' id='word_1_338' title='bbox 312 2550 399 2622; x_wconf 76' lang='lat' dir='ltr'>magis</span> <span class='ocrx_word' id='word_1_339' title='bbox 419 2550 495 2606; x_wconf 88' lang='lat' dir='ltr'>cordi</span> <span class='ocrx_word' id='word_1_340' title='bbox 513 2560 590 2619; x_wconf 85' lang='lat' dir='ltr'>crat;</span> <span class='ocrx_word' id='word_1_341' title='bbox 604 2565 683 2622; x_wconf 89' lang='lat' dir='ltr'>quant</span> <span class='ocrx_word' id='word_1_342' title='bbox 696 2559 726 2608; x_wconf 91' lang='lat' dir='ltr'>ut</span> <span class='ocrx_word' id='word_1_343' title='bbox 737 2553 866 2621; x_wconf 86' lang='lat' dir='ltr'>nominis,</span> <span class='ocrx_word' id='word_1_344' title='bbox 882 2551 971 2614; x_wconf 81' lang='lat' dir='ltr'>inmte,</span> <span class='ocrx_word' id='word_1_345' title='bbox 982 2567 1111 2624; x_wconf 73' lang='lat' dir='ltr'>aeratas,</span> <span class='ocrx_word' id='word_1_346' title='bbox 1164 2555 1318 2621; x_wconf 83' lang='lat' dir='ltr'>oscitamia,</span> <span class='ocrx_word' id='word_1_347' title='bbox 1332 2537 1427 2625; x_wconf 82' lang='lat' dir='ltr'>quiex</span> <span class='ocrx_word' id='word_1_348' title='bbox 1443 2552 1528 2622; x_wconf 85' lang='lat' dir='ltr'>prima</span> <span class='ocrx_word' id='word_1_349' title='bbox 1539 2551 1627 2607; x_wconf 88' lang='lat' dir='ltr'>litters</span> <span class='ocrx_word' id='word_1_350' title='bbox 1642 2567 1668 2605; x_wconf 86' lang='lat' dir='ltr'>tn</span> <span class='ocrx_word' id='word_1_351' title='bbox 1679 2549 1749 2607; x_wconf 85' lang='lat' dir='ltr'>duas</span> <span class='ocrx_word' id='word_1_352' title='bbox 1760 2552 1789 2606; x_wconf 88' lang='lat' dir='ltr'>t&#39;tt</span> <span class='ocrx_word' id='word_1_353' title='bbox 1800 2549 1961 2612; x_wconf 56' lang='lat' dir='ltr'>darunt:</span> 
     </span>
     <span class='ocr_line' id='line_1_26' title="bbox 312 2641 1961 2718; baseline 0.002 -23"><span class='ocrx_word' id='word_1_354' title='bbox 312 2641 404 2712; x_wconf 72' lang='lat' dir='ltr'>plurim</span> <span class='ocrx_word' id='word_1_355' title='bbox 415 2642 599 2699; x_wconf 82' lang='lat' dir='ltr'>celebritatem</span> <span class='ocrx_word' id='word_1_356' title='bbox 610 2658 718 2716; x_wconf 92' lang='lat' dir='ltr'>quoquo</span> <span class='ocrx_word' id='word_1_357' title='bbox 729 2645 809 2699; x_wconf 87' lang='lat' dir='ltr'>modo</span> <span class='ocrx_word' id='word_1_358' title='bbox 821 2655 1031 2716; x_wconf 79' lang='lat' dir='ltr'>aucuparentur.</span> <span class='ocrx_word' id='word_1_359' title='bbox 1044 2647 1114 2718; x_wconf 82' lang='lat' dir='ltr'>Qua·</span> <span class='ocrx_word' id='word_1_360' title='bbox 1164 2646 1212 2703; x_wconf 91' lang='lat' dir='ltr'>sed</span> <span class='ocrx_word' id='word_1_361' title='bbox 1225 2646 1314 2717; x_wconf 91' lang='lat' dir='ltr'>potius</span> <span class='ocrx_word' id='word_1_362' title='bbox 1326 2645 1445 2711; x_wconf 81' lang='lat' dir='ltr'>ntimiee,</span> <span class='ocrx_word' id='word_1_363' title='bbox 1453 2642 1681 2717; x_wconf 84' lang='lat' dir='ltr'>quemadmodum</span> <span class='ocrx_word' id='word_1_364' title='bbox 1692 2642 1720 2699; x_wconf 92' lang='lat' dir='ltr'>in</span> <span class='ocrx_word' id='word_1_365' title='bbox 1732 2643 1787 2700; x_wconf 87' lang='lat' dir='ltr'>alio</span> <span class='ocrx_word' id='word_1_366' title='bbox 1800 2643 1867 2700; x_wconf 90' lang='lat' dir='ltr'>libro</span> <span class='ocrx_word' id='word_1_367' title='bbox 1877 2642 1961 2710; x_wconf 82' lang='lat' dir='ltr'>dixit,</span> 
     </span>
     <span class='ocr_line' id='line_1_27' title="bbox 313 2733 1962 2810; baseline 0.002 -21"><span class='ocrx_word' id='word_1_368' title='bbox 313 2741 422 2806; x_wconf 89' lang='lat' dir='ltr'>propter</span> <span class='ocrx_word' id='word_1_369' title='bbox 432 2733 466 2791; x_wconf 91' lang='lat' dir='ltr'>ab</span> <span class='ocrx_word' id='word_1_370' title='bbox 479 2734 525 2790; x_wconf 89' lang='lat' dir='ltr'>illo</span> <span class='ocrx_word' id='word_1_371' title='bbox 535 2743 628 2805; x_wconf 90' lang='lat' dir='ltr'>postea</span> <span class='ocrx_word' id='word_1_372' title='bbox 638 2736 866 2809; x_wconf 82' lang='lat' dir='ltr'>tucanturqlorite</span> <span class='ocrx_word' id='word_1_373' title='bbox 875 2745 898 2791; x_wconf 88' lang='lat' dir='ltr'>ct</span> <span class='ocrx_word' id='word_1_374' title='bbox 909 2736 1060 2810; x_wconf 78' lang='lat' dir='ltr'>eloquentie</span> <span class='ocrx_word' id='word_1_375' title='bbox 1069 2733 1122 2795; x_wconf 81' lang='lat' dir='ltr'>so-‘</span> <span class='ocrx_word' id='word_1_376' title='bbox 1164 2738 1268 2794; x_wconf 79' lang='lat' dir='ltr'>llitltrm</span> <span class='ocrx_word' id='word_1_377' title='bbox 1279 2738 1391 2795; x_wconf 88' lang='lat' dir='ltr'>militem</span> <span class='ocrx_word' id='word_1_378' title='bbox 1404 2751 1465 2794; x_wconf 86' lang='lat' dir='ltr'>csse</span> <span class='ocrx_word' id='word_1_379' title='bbox 1479 2735 1556 2808; x_wconf 82' lang='lat' dir='ltr'>qnasi</span> <span class='ocrx_word' id='word_1_380' title='bbox 1569 2737 1675 2791; x_wconf 79' lang='lat' dir='ltr'>onmem</span> <span class='ocrx_word' id='word_1_381' title='bbox 1684 2737 1802 2809; x_wconf 72' lang='lat' dir='ltr'>martyrii</span> <span class='ocrx_word' id='word_1_382' title='bbox 1810 2735 1962 2810; x_wconf 65' lang='lat' dir='ltr'>(lismlii.</span> 
     </span>
     <span class='ocr_line' id='line_1_28' title="bbox 313 2827 1574 2904; baseline 0.002 -21"><span class='ocrx_word' id='word_1_383' title='bbox 313 2828 363 2884; x_wconf 87' lang='lat' dir='ltr'>lists</span> <span class='ocrx_word' id='word_1_384' title='bbox 384 2828 513 2885; x_wconf 74' lang='lat' dir='ltr'>libidinosi</span> <span class='ocrx_word' id='word_1_385' title='bbox 534 2827 641 2904; x_wconf 82' lang='lat' dir='ltr'>(idern,</span> <span class='ocrx_word' id='word_1_386' title='bbox 662 2829 706 2885; x_wconf 88' lang='lat' dir='ltr'>lib.</span> <span class='ocrx_word' id='word_1_387' title='bbox 738 2829 771 2885; x_wconf 86' lang='lat' dir='ltr'>ds</span> <span class='ocrx_word' id='word_1_388' title='bbox 797 2829 895 2898; x_wconf 73' lang='lat' dir='ltr'>Attinas,</span> <span class='ocrx_word' id='word_1_389' title='bbox 921 2847 980 2902; x_wconf 88' lang='lat' dir='ltr'>cop.</span> <span class='ocrx_word' id='word_1_390' title='bbox 1005 2830 1059 2904; x_wconf 81' lang='grc'>7),</span> <span class='ocrx_word' id='word_1_391' title='bbox 1085 2832 1112 2890; x_wconf 91' lang='lat' dir='ltr'>id</span> <span class='ocrx_word' id='word_1_392' title='bbox 1165 2833 1333 2889; x_wconf 77' lang='lat' dir='ltr'>semeonis</span> <span class='ocrx_word' id='word_1_393' title='bbox 1347 2832 1408 2902; x_wconf 75' lang='lat' dir='ltr'>fin,</span> <span class='ocrx_word' id='word_1_394' title='bbox 1421 2848 1483 2904; x_wconf 78' lang='lat' dir='ltr'>pap.</span> <span class='ocrx_word' id='word_1_395' title='bbox 1498 2829 1574 2902; x_wconf 76' lang='lat' dir='ltr'>ist).</span> 
     </span>
    </p>
   </div>
   <div class='ocr_carea' id='block_1_5' title="bbox 206 2920 1960 3010">
    <p class='ocr_par' dir='ltr' id='par_1_6' title="bbox 206 2920 1960 3010">
     <span class='ocr_line' id='line_1_29' title="bbox 206 2920 1960 3010; baseline 0.002 -33"><span class='ocrx_word' id='word_1_396' title='bbox 206 2995 214 3010; x_wconf 26' lang='grc' dir='ltr'><strong>ς</strong></span> <span class='ocrx_word' id='word_1_397' title='bbox 314 2928 366 2987; x_wconf 88' lang='lat' dir='ltr'>est,</span> <span class='ocrx_word' id='word_1_398' title='bbox 381 2920 541 2978; x_wconf 80' lang='lat' dir='ltr'>avidissimi.</span> <span class='ocrx_word' id='word_1_399' title='bbox 554 2921 616 2977; x_wconf 78' lang='lat' dir='ltr'>illio</span> <span class='ocrx_word' id='word_1_400' title='bbox 628 2929 718 2978; x_wconf 89' lang='lat' dir='ltr'>autem</span> <span class='ocrx_word' id='word_1_401' title='bbox 731 2922 757 2978; x_wconf 90' lang='lat' dir='ltr'>in</span> <span class='ocrx_word' id='word_1_402' title='bbox 769 2922 858 2978; x_wconf 86' lang='lat' dir='ltr'>libro:</span> <span class='ocrx_word' id='word_1_403' title='bbox 873 2922 1059 2995; x_wconf 72' lang='lat' dir='ltr'>Philosophus,</span> <span class='ocrx_word' id='word_1_404' title='bbox 1072 2924 1113 2979; x_wconf 91' lang='lat' dir='ltr'>in-</span> <span class='ocrx_word' id='word_1_405' title='bbox 1200 2922 1310 2981; x_wconf 83' lang='lat' dir='ltr'>Fstetnr</span> <span class='ocrx_word' id='word_1_406' title='bbox 1332 2924 1422 2994; x_wconf 89' lang='lat' dir='ltr'>itaque</span> <span class='ocrx_word' id='word_1_407' title='bbox 1443 2923 1478 2979; x_wconf 92' lang='lat' dir='ltr'>ab</span> <span class='ocrx_word' id='word_1_408' title='bbox 1495 2921 1591 2979; x_wconf 84' lang='lat' dir='ltr'>iisdem</span> <span class='ocrx_word' id='word_1_409' title='bbox 1606 2921 1775 2994; x_wconf 85' lang='lat' dir='ltr'>pbilosophis</span> <span class='ocrx_word' id='word_1_410' title='bbox 1798 2921 1960 2994; x_wconf 73' lang='lat' dir='ltr'>septosco·</span> 
     </span>
    </p>
   </div>
   <div class='ocr_carea' id='block_1_6' title="bbox 292 3011 1967 4201">
    <p class='ocr_par' dir='ltr' id='par_1_7' title="bbox 292 3011 1967 4201">
     <span class='ocr_line' id='line_1_30' title="bbox 292 3011 1965 3091; baseline -0.001 -19"><span class='ocrx_word' id='word_1_411' title='bbox 292 3065 298 3072; x_wconf 92' lang='lat'>.</span> <span class='ocrx_word' id='word_1_412' title='bbox 316 3012 383 3085; x_wconf 90' lang='lat' dir='ltr'>quit,</span> <span class='ocrx_word' id='word_1_413' title='bbox 398 3011 489 3086; x_wconf 80' lang='lat' dir='ltr'>pluries</span> <span class='ocrx_word' id='word_1_414' title='bbox 508 3014 615 3069; x_wconf 78' lang='lat' dir='ltr'>oniensi.</span> <span class='ocrx_word' id='word_1_415' title='bbox 627 3015 716 3087; x_wconf 84' lang='lat' dir='ltr'>btque</span> <span class='ocrx_word' id='word_1_416' title='bbox 730 3014 788 3072; x_wconf 81' lang='lat' dir='ltr'>lttcc</span> <span class='ocrx_word' id='word_1_417' title='bbox 800 3017 918 3073; x_wconf 87' lang='lat' dir='ltr'>auctoris</span> <span class='ocrx_word' id='word_1_418' title='bbox 931 3026 1016 3073; x_wconf 84' lang='lat' dir='ltr'>nostre</span> <span class='ocrx_word' id='word_1_419' title='bbox 1028 3017 1112 3075; x_wconf 81' lang='lat' dir='ltr'>rerba</span> <span class='ocrx_word' id='word_1_420' title='bbox 1163 3017 1265 3091; x_wconf 74' lang='lat' dir='ltr'>gnitum</span> <span class='ocrx_word' id='word_1_421' title='bbox 1282 3018 1443 3074; x_wconf 83' lang='lat' dir='ltr'>ceritatem:</span> <span class='ocrx_word' id='word_1_422' title='bbox 1461 3017 1525 3082; x_wconf 82' lang='lat' dir='ltr'>Quis</span> <span class='ocrx_word' id='word_1_423' title='bbox 1537 3016 1615 3083; x_wconf 79' lang='lat' dir='ltr'>noim,</span> <span class='ocrx_word' id='word_1_424' title='bbox 1636 3017 1730 3087; x_wconf 86' lang='lat' dir='ltr'>iuquit,</span> <span class='ocrx_word' id='word_1_425' title='bbox 1745 3017 1965 3089; x_wconf 64' lang='lat' dir='ltr'>presumpsit</span> 
     </span>
     <span class='ocr_line' id='line_1_31' title="bbox 311 3105 1962 3182; baseline -0.001 -19"><span class='ocrx_word' id='word_1_426' title='bbox 311 3105 494 3179; x_wconf 81' lang='lat' dir='ltr'>Hieronymus</span> <span class='ocrx_word' id='word_1_427' title='bbox 517 3106 588 3163; x_wconf 88' lang='lat' dir='ltr'>ltsud</span> <span class='ocrx_word' id='word_1_428' title='bbox 607 3106 688 3165; x_wconf 90' lang='lat' dir='ltr'>dubie</span> <span class='ocrx_word' id='word_1_429' title='bbox 707 3119 854 3178; x_wconf 86' lang='lat' dir='ltr'>strutuatus,</span> <span class='ocrx_word' id='word_1_430' title='bbox 871 3110 955 3182; x_wconf 89' lang='lat' dir='ltr'>ipsius</span> <span class='ocrx_word' id='word_1_431' title='bbox 970 3113 1113 3169; x_wconf 80' lang='lat' dir='ltr'>sententie</span> <span class='ocrx_word' id='word_1_432' title='bbox 1163 3110 1347 3177; x_wconf 75' lang='lat' dir='ltr'>rophetarum,</span> <span class='ocrx_word' id='word_1_433' title='bbox 1362 3109 1406 3179; x_wconf 87' lang='lat' dir='ltr'>qui</span> <span class='ocrx_word' id='word_1_434' title='bbox 1416 3125 1468 3176; x_wconf 81' lang='lat' dir='ltr'>non</span> <span class='ocrx_word' id='word_1_435' title='bbox 1480 3108 1513 3164; x_wconf 84' lang='lat' dir='ltr'>ds</span> <span class='ocrx_word' id='word_1_436' title='bbox 1531 3109 1711 3177; x_wconf 75' lang='lat' dir='ltr'>prophetorum</span> <span class='ocrx_word' id='word_1_437' title='bbox 1730 3106 1799 3176; x_wconf 71' lang='lat' dir='ltr'>(ons</span> <span class='ocrx_word' id='word_1_438' title='bbox 1809 3107 1962 3177; x_wconf 75' lang='lat' dir='ltr'>potaverit?</span> 
     </span>
     <span class='ocr_line' id='line_1_32' title="bbox 311 3189 1967 3278; baseline -0.001 -21"><span class='ocrx_word' id='word_1_439' title='bbox 311 3189 490 3271; x_wconf 81' lang='lat' dir='ltr'>sultscripsit&#39;:</span> <span class='ocrx_word' id='word_1_440' title='bbox 506 3199 682 3273; x_wconf 85' lang='lat' dir='ltr'>Philosophus</span> <span class='ocrx_word' id='word_1_441' title='bbox 702 3202 792 3274; x_wconf 83' lang='lat' dir='ltr'>plorite</span> <span class='ocrx_word' id='word_1_442' title='bbox 812 3204 919 3267; x_wconf 88' lang='lat' dir='ltr'>nttimul,</span> <span class='ocrx_word' id='word_1_443' title='bbox 933 3213 958 3258; x_wconf 89' lang='lat' dir='ltr'>et</span> <span class='ocrx_word' id='word_1_444' title='bbox 978 3205 1147 3278; x_wconf 80' lang='lat' dir='ltr'>populerisc</span> <span class='ocrx_word' id='word_1_445' title='bbox 1163 3203 1231 3261; x_wconf 84' lang='lat' dir='ltr'>lude</span> <span class='ocrx_word' id='word_1_446' title='bbox 1249 3204 1329 3277; x_wconf 84' lang='lat' dir='ltr'>ipitttr</span> <span class='ocrx_word' id='word_1_447' title='bbox 1340 3210 1365 3259; x_wconf 88' lang='lat' dir='ltr'>ct</span> <span class='ocrx_word' id='word_1_448' title='bbox 1377 3202 1523 3274; x_wconf 86' lang='lat' dir='ltr'>philosophi</span> <span class='ocrx_word' id='word_1_449' title='bbox 1543 3201 1613 3255; x_wconf 87' lang='lat' dir='ltr'>sitiet</span> <span class='ocrx_word' id='word_1_450' title='bbox 1638 3198 1733 3274; x_wconf 80' lang='lat' dir='ltr'>inpetrii</span> <span class='ocrx_word' id='word_1_451' title='bbox 1753 3198 1792 3254; x_wconf 88' lang='lat' dir='ltr'>ssi</span> <span class='ocrx_word' id='word_1_452' title='bbox 1814 3199 1967 3272; x_wconf 83' lang='lat' dir='ltr'>riqatsrrtet</span> 
     </span>
     <span class='ocr_line' id='line_1_33' title="bbox 311 3290 1965 3374; baseline 0.002 -28"><span class='ocrx_word' id='word_1_453' title='bbox 311 3307 383 3347; x_wconf 75' lang='lat' dir='ltr'>ante</span> <span class='ocrx_word' id='word_1_454' title='bbox 396 3301 472 3363; x_wconf 89' lang='lat' dir='ltr'>atqtse</span> <span class='ocrx_word' id='word_1_455' title='bbox 484 3308 616 3349; x_wconf 87' lang='lat' dir='ltr'>rumornnt</span> <span class='ocrx_word' id='word_1_456' title='bbox 628 3294 678 3349; x_wconf 87' lang='lat' dir='ltr'>nile</span> <span class='ocrx_word' id='word_1_457' title='bbox 687 3294 844 3366; x_wconf 89' lang='lat' dir='ltr'>motteipitun</span> <span class='ocrx_word' id='word_1_458' title='bbox 853 3296 863 3366; x_wconf 89' lang='grc'><strong>(</strong></span> <span class='ocrx_word' id='word_1_459' title='bbox 873 3292 1024 3368; x_wconf 79' lang='lat' dir='ltr'>Histonpm.</span> <span class='ocrx_word' id='word_1_460' title='bbox 1037 3296 1112 3368; x_wconf 86' lang='lat' dir='ltr'>epist.</span> <span class='ocrx_word' id='word_1_461' title='bbox 1165 3300 1176 3374; x_wconf 89' lang='lat'>(</span> <span class='ocrx_word' id='word_1_462' title='bbox 1188 3296 1341 3353; x_wconf 83' lang='lat' dir='ltr'>Tertulliun.</span> <span class='ocrx_word' id='word_1_463' title='bbox 1362 3295 1474 3369; x_wconf 79' lang='lat' dir='ltr'>Apoloq.</span> <span class='ocrx_word' id='word_1_464' title='bbox 1487 3336 1496 3362; x_wconf 90' lang='lat'>,</span> <span class='ocrx_word' id='word_1_465' title='bbox 1519 3311 1580 3367; x_wconf 83' lang='lat' dir='ltr'>sep.</span> <span class='ocrx_word' id='word_1_466' title='bbox 1591 3295 1637 3364; x_wconf 82' lang='lat' dir='ltr'>it,</span> <span class='ocrx_word' id='word_1_467' title='bbox 1652 3311 1713 3367; x_wconf 79' lang='lat' dir='ltr'>pap.</span> <span class='ocrx_word' id='word_1_468' title='bbox 1730 3292 1813 3366; x_wconf 78' lang='lat' dir='ltr'>oto).</span> <span class='ocrx_word' id='word_1_469' title='bbox 1826 3290 1965 3349; x_wconf 73' lang='lat' dir='ltr'>{lacteam</span> 
     </span>
     <span class='ocr_line' id='line_1_34' title="bbox 312 3381 1965 3459; baseline -0.001 -18"><span class='ocrx_word' id='word_1_470' title='bbox 312 3382 363 3448; x_wconf 78' lang='lat' dir='ltr'>it,</span> <span class='ocrx_word' id='word_1_471' title='bbox 385 3382 421 3438; x_wconf 79' lang='lat' dir='ltr'>aa</span> <span class='ocrx_word' id='word_1_472' title='bbox 445 3381 610 3453; x_wconf 79' lang='lat' dir='ltr'>Psmmseb,</span> <span class='ocrx_word' id='word_1_473' title='bbox 632 3401 693 3457; x_wconf 83' lang='lat' dir='ltr'>pop.</span> <span class='ocrx_word' id='word_1_474' title='bbox 719 3384 772 3443; x_wconf 79' lang='lat'>585</span> <span class='ocrx_word' id='word_1_475' title='bbox 784 3384 804 3456; x_wconf 91' lang='grc'>).</span> <span class='ocrx_word' id='word_1_476' title='bbox 830 3390 866 3441; x_wconf 81' lang='lat' dir='ltr'>ht</span> <span class='ocrx_word' id='word_1_477' title='bbox 886 3386 1038 3455; x_wconf 81' lang='lat' dir='ltr'>bosianus,</span> <span class='ocrx_word' id='word_1_478' title='bbox 1062 3387 1113 3445; x_wconf 89' lang='lat' dir='ltr'>etsi</span> <span class='ocrx_word' id='word_1_479' title='bbox 1165 3389 1248 3448; x_wconf 87' lang='lat' dir='ltr'>editio</span> <span class='ocrx_word' id='word_1_480' title='bbox 1260 3388 1409 3459; x_wconf 76' lang='lat' dir='ltr'>Rigahiana</span> <span class='ocrx_word' id='word_1_481' title='bbox 1423 3401 1486 3443; x_wconf 87' lang='lat' dir='ltr'>cunr</span> <span class='ocrx_word' id='word_1_482' title='bbox 1506 3385 1566 3442; x_wconf 88' lang='lat' dir='ltr'>aliis</span> <span class='ocrx_word' id='word_1_483' title='bbox 1580 3395 1661 3458; x_wconf 85' lang='lat' dir='ltr'>atque</span> <span class='ocrx_word' id='word_1_484' title='bbox 1679 3384 1764 3442; x_wconf 76' lang='lat' dir='ltr'>ctiam</span> <span class='ocrx_word' id='word_1_485' title='bbox 1776 3382 1965 3455; x_wconf 83' lang='lat' dir='ltr'>manuscriptis</span> 
     </span>
     <span class='ocr_line' id='line_1_35' title="bbox 311 3471 1965 3550; baseline 0.001 -19"><span class='ocrx_word' id='word_1_486' title='bbox 311 3474 519 3541; x_wconf 87' lang='lat' dir='ltr'>ctltnicns‚hos</span> <span class='ocrx_word' id='word_1_487' title='bbox 541 3475 717 3547; x_wconf 89' lang='lat' dir='ltr'>philosophus</span> <span class='ocrx_word' id='word_1_488' title='bbox 741 3478 822 3550; x_wconf 72' lang='lat' dir='ltr'>longe</span> <span class='ocrx_word' id='word_1_489' title='bbox 841 3479 932 3534; x_wconf 85' lang='lat' dir='ltr'>acrius</span> <span class='ocrx_word' id='word_1_490' title='bbox 954 3479 1112 3535; x_wconf 85' lang='lat' dir='ltr'>insectatur.</span> <span class='ocrx_word' id='word_1_491' title='bbox 1165 3480 1266 3538; x_wconf 90' lang='lat' dir='ltr'>nostris</span> <span class='ocrx_word' id='word_1_492' title='bbox 1287 3471 1426 3536; x_wconf 86' lang='lat' dir='ltr'>codicibus</span> <span class='ocrx_word' id='word_1_493' title='bbox 1441 3496 1449 3533; x_wconf 80' lang='lat' dir='ltr'>e</span> <span class='ocrx_word' id='word_1_494' title='bbox 1464 3477 1511 3533; x_wconf 87' lang='lat' dir='ltr'>sed</span> <span class='ocrx_word' id='word_1_495' title='bbox 1526 3476 1554 3532; x_wconf 91' lang='lat' dir='ltr'>itt</span> <span class='ocrx_word' id='word_1_496' title='bbox 1568 3477 1627 3532; x_wconf 89' lang='lat' dir='ltr'>istis</span> <span class='ocrx_word' id='word_1_497' title='bbox 1649 3476 1718 3545; x_wconf 74' lang='lat' dir='ltr'>hsce,</span> <span class='ocrx_word' id='word_1_498' title='bbox 1740 3475 1965 3548; x_wconf 85' lang='lat' dir='ltr'>amputatsaili·</span> 
     </span>
     <span class='ocr_line' id='line_1_36' title="bbox 311 3566 1964 3646; baseline 0.001 -22"><span class='ocrx_word' id='word_1_499' title='bbox 311 3566 404 3624; x_wconf 75' lang='lat' dir='ltr'>l’alam</span> <span class='ocrx_word' id='word_1_500' title='bbox 427 3568 528 3638; x_wconf 90' lang='lat' dir='ltr'>quippe</span> <span class='ocrx_word' id='word_1_501' title='bbox 550 3578 689 3624; x_wconf 81' lang='lat' dir='ltr'>asseverat</span> <span class='ocrx_word' id='word_1_502' title='bbox 709 3568 771 3624; x_wconf 91' lang='lat' dir='ltr'>illos</span> <span class='ocrx_word' id='word_1_503' title='bbox 790 3584 876 3641; x_wconf 76' lang='lat' dir='ltr'>gertus</span> <span class='ocrx_word' id='word_1_504' title='bbox 887 3585 948 3627; x_wconf 89' lang='lat' dir='ltr'>esse</span> <span class='ocrx_word' id='word_1_505' title='bbox 961 3571 1113 3638; x_wconf 87' lang='lat' dir='ltr'>ltotttlnum,</span> <span class='ocrx_word' id='word_1_506' title='bbox 1165 3573 1257 3646; x_wconf 74' lang='lat' dir='ltr'>paldo,</span> <span class='ocrx_word' id='word_1_507' title='bbox 1274 3571 1379 3644; x_wconf 77' lang='lat' dir='ltr'>adjecta</span> <span class='ocrx_word' id='word_1_508' title='bbox 1402 3578 1488 3627; x_wconf 85' lang='lat' dir='ltr'>suttt:</span> <span class='ocrx_word' id='word_1_509' title='bbox 1507 3568 1542 3625; x_wconf 89' lang='lat' dir='ltr'>llt</span> <span class='ocrx_word' id='word_1_510' title='bbox 1566 3584 1624 3641; x_wconf 78' lang='lat' dir='ltr'>qaoe</span> <span class='ocrx_word' id='word_1_511' title='bbox 1644 3569 1677 3625; x_wconf 85' lang='lat' dir='ltr'>de</span> <span class='ocrx_word' id='word_1_512' title='bbox 1702 3568 1795 3626; x_wconf 73' lang='lat' dir='ltr'>nostem</span> <span class='ocrx_word' id='word_1_513' title='bbox 1819 3567 1920 3633; x_wconf 68' lang='lat' dir='ltr'>taint,</span> <span class='ocrx_word' id='word_1_514' title='bbox 1933 3583 1964 3623; x_wconf 85' lang='lat' dir='ltr'>sa</span> 
     </span>
     <span class='ocr_line' id='line_1_37' title="bbox 312 3659 1966 3735; baseline 0.002 -24"><span class='ocrx_word' id='word_1_515' title='bbox 312 3662 393 3729; x_wconf 60' lang='lat' dir='ltr'>&amp;ppisq</span> <span class='ocrx_word' id='word_1_516' title='bbox 422 3661 559 3727; x_wconf 78' lang='lat' dir='ltr'>pthisttsoe,</span> <span class='ocrx_word' id='word_1_517' title='bbox 576 3663 835 3730; x_wconf 60' lang='lat' dir='ltr'>seniisi&#39;onii&#39;tips‘lsr,</span> <span class='ocrx_word' id='word_1_518' title='bbox 861 3666 994 3733; x_wconf 64' lang='lat' dir='ltr'>babinpere,</span> <span class='ocrx_word' id='word_1_519' title='bbox 1015 3667 1114 3732; x_wconf 72' lang='lat' dir='ltr'>osipo·</span> <span class='ocrx_word' id='word_1_520' title='bbox 1165 3673 1313 3735; x_wconf 72' lang='lat' dir='ltr'>computem</span> <span class='ocrx_word' id='word_1_521' title='bbox 1329 3664 1391 3719; x_wconf 60' lang='grc' dir='ltr'>ἰαῦ.</span> <span class='ocrx_word' id='word_1_522' title='bbox 1405 3663 1505 3720; x_wconf 69' lang='lat' dir='ltr'>Vertlltt</span> <span class='ocrx_word' id='word_1_523' title='bbox 1524 3661 1619 3721; x_wconf 72' lang='lat' dir='ltr'>Sihoec</span> <span class='ocrx_word' id='word_1_524' title='bbox 1630 3662 1757 3734; x_wconf 70' lang='lat' dir='ltr'>Risshllio,</span> <span class='ocrx_word' id='word_1_525' title='bbox 1779 3669 1827 3718; x_wconf 85' lang='lat' dir='ltr'>aut</span> <span class='ocrx_word' id='word_1_526' title='bbox 1850 3659 1966 3716; x_wconf 72' lang='lat' dir='ltr'>cinnii·</span> 
     </span>
     <span class='ocr_line' id='line_1_38' title="bbox 311 3752 1964 3831; baseline -0.005 -13"><span class='ocrx_word' id='word_1_527' title='bbox 311 3771 362 3818; x_wconf 73' lang='lat' dir='ltr'>pao,</span> <span class='ocrx_word' id='word_1_528' title='bbox 387 3756 563 3819; x_wconf 62' lang='lat' dir='ltr'>sesomires,</span> <span class='ocrx_word' id='word_1_529' title='bbox 587 3754 671 3821; x_wconf 70' lang='grc' dir='ltr'><strong><em>ὓθμώε</em></strong></span> <span class='ocrx_word' id='word_1_530' title='bbox 700 3755 830 3818; x_wconf 67' lang='grc' dir='ltr'>ἀνάπλεων,</span> <span class='ocrx_word' id='word_1_531' title='bbox 855 3755 896 3807; x_wconf 72' lang='lat' dir='ltr'>tsi</span> <span class='ocrx_word' id='word_1_532' title='bbox 919 3759 957 3806; x_wconf 72' lang='lat' dir='ltr'>ios</span> <span class='ocrx_word' id='word_1_533' title='bbox 978 3755 1032 3809; x_wconf 71' lang='lat' dir='ltr'>sea·</span> <span class='ocrx_word' id='word_1_534' title='bbox 1049 3764 1116 3824; x_wconf 76' lang='grc' dir='ltr'>ομη-</span> <span class='ocrx_word' id='word_1_535' title='bbox 1166 3756 1217 3813; x_wconf 88' lang='lat' dir='ltr'>bus</span> <span class='ocrx_word' id='word_1_536' title='bbox 1228 3757 1401 3831; x_wconf 71' lang='lat' dir='ltr'>typographis</span> <span class='ocrx_word' id='word_1_537' title='bbox 1415 3756 1584 3824; x_wconf 77' lang='lat' dir='ltr'>exciderunt,</span> <span class='ocrx_word' id='word_1_538' title='bbox 1607 3756 1814 3828; x_wconf 74' lang='lat' dir='ltr'>quismaJorem</span> <span class='ocrx_word' id='word_1_539' title='bbox 1829 3752 1964 3826; x_wconf 87' lang='lat' dir='ltr'>ejttsdili·</span> 
     </span>
     <span class='ocr_line' id='line_1_39' title="bbox 312 3841 1965 3922; baseline -0.001 -19"><span class='ocrx_word' id='word_1_540' title='bbox 312 3862 353 3911; x_wconf 73' lang='lat' dir='ltr'>pce</span> <span class='ocrx_word' id='word_1_541' title='bbox 373 3845 442 3904; x_wconf 80' lang='lat' dir='ltr'>sisa,</span> <span class='ocrx_word' id='word_1_542' title='bbox 462 3846 534 3910; x_wconf 63' lang='lat' dir='ltr'>letias</span> <span class='ocrx_word' id='word_1_543' title='bbox 556 3846 669 3913; x_wconf 74' lang='lat' dir='ltr'>aipsipns·</span> <span class='ocrx_word' id='word_1_544' title='bbox 699 3841 826 3910; x_wconf 78' lang='lat' dir='ltr'>otiosum,</span> <span class='ocrx_word' id='word_1_545' title='bbox 849 3845 1041 3912; x_wconf 68' lang='lat' dir='ltr'>tbblmiiotutu.</span> <span class='ocrx_word' id='word_1_546' title='bbox 1054 3846 1113 3919; x_wconf 68' lang='lat' dir='ltr'>qiu·</span> <span class='ocrx_word' id='word_1_547' title='bbox 1165 3851 1282 3922; x_wconf 72' lang='lat' dir='ltr'>getttiattt</span> <span class='ocrx_word' id='word_1_548' title='bbox 1308 3866 1362 3906; x_wconf 85' lang='lat' dir='ltr'>ntttt</span> <span class='ocrx_word' id='word_1_549' title='bbox 1382 3849 1567 3907; x_wconf 80' lang='lat' dir='ltr'>desiderabili</span> <span class='ocrx_word' id='word_1_550' title='bbox 1589 3847 1694 3905; x_wconf 83' lang='lat' dir='ltr'>sivero</span> <span class='ocrx_word' id='word_1_551' title='bbox 1720 3849 1744 3904; x_wconf 82' lang='lat' dir='ltr'>is</span> <span class='ocrx_word' id='word_1_552' title='bbox 1766 3847 1842 3903; x_wconf 80' lang='lat' dir='ltr'>sulus</span> <span class='ocrx_word' id='word_1_553' title='bbox 1856 3845 1965 3918; x_wconf 87' lang='lat' dir='ltr'>proprio</span> 
     </span>
     <span class='ocr_line' id='line_1_40' title="bbox 305 3931 1964 4014; baseline 0.004 -26"><span class='ocrx_word' id='word_1_554' title='bbox 305 3932 359 3988; x_wconf 77' lang='lat' dir='ltr'>‘rite</span> <span class='ocrx_word' id='word_1_555' title='bbox 380 3931 494 3999; x_wconf 80' lang='lat' dir='ltr'>eoldum,</span> <span class='ocrx_word' id='word_1_556' title='bbox 516 3933 688 4003; x_wconf 81' lang='lat' dir='ltr'>iracundam,</span> <span class='ocrx_word' id='word_1_557' title='bbox 714 3935 783 4007; x_wconf 79' lang='lat' dir='ltr'>pulte</span> <span class='ocrx_word' id='word_1_558' title='bbox 805 3937 966 4007; x_wconf 82' lang='lat' dir='ltr'>studiorum,</span> <span class='ocrx_word' id='word_1_559' title='bbox 997 3938 1113 4010; x_wconf 84' lang='lat' dir='ltr'>stultum,</span> <span class='ocrx_word' id='word_1_560' title='bbox 1166 3942 1431 4008; x_wconf 86' lang='lat' dir='ltr'>mortecaahstulit,</span> <span class='ocrx_word' id='word_1_561' title='bbox 1447 3943 1507 4014; x_wconf 91' lang='lat' dir='ltr'>quis</span> <span class='ocrx_word' id='word_1_562' title='bbox 1521 3941 1661 3998; x_wconf 89' lang='lat' dir='ltr'>andaciam</span> <span class='ocrx_word' id='word_1_563' title='bbox 1676 3941 1750 3998; x_wconf 87' lang='lat' dir='ltr'>illius</span> <span class='ocrx_word' id='word_1_564' title='bbox 1762 3941 1860 4012; x_wconf 91' lang='lat' dir='ltr'>poterit</span> <span class='ocrx_word' id='word_1_565' title='bbox 1880 3955 1964 3995; x_wconf 86' lang='lat' dir='ltr'>escu-</span> 
     </span>
     <span class='ocr_line' id='line_1_41' title="bbox 314 4027 1966 4101; baseline 0.005 -18"><span class='ocrx_word' id='word_1_566' title='bbox 314 4030 467 4101; x_wconf 70' lang='lat' dir='ltr'>iustsosttm,</span> <span class='ocrx_word' id='word_1_567' title='bbox 483 4027 714 4098; x_wconf 80' lang='lat' dir='ltr'>eontunmliotttm,</span> <span class='ocrx_word' id='word_1_568' title='bbox 743 4040 789 4097; x_wconf 87' lang='lat' dir='ltr'>et,</span> <span class='ocrx_word' id='word_1_569' title='bbox 819 4042 847 4086; x_wconf 88' lang='lat' dir='ltr'>ut</span> <span class='ocrx_word' id='word_1_570' title='bbox 869 4032 948 4088; x_wconf 80' lang='lat' dir='ltr'>sniis</span> <span class='ocrx_word' id='word_1_571' title='bbox 970 4032 1115 4092; x_wconf 80' lang='lat' dir='ltr'>Homericis</span> <span class='ocrx_word' id='word_1_572' title='bbox 1166 4031 1326 4090; x_wconf 73' lang='lat' dir='ltr'>sureillam</span> <span class='ocrx_word' id='word_1_573' title='bbox 1349 4037 1408 4091; x_wconf 83' lang='lat' dir='ltr'>leaeo</span> <span class='ocrx_word' id='word_1_574' title='bbox 1427 4035 1461 4091; x_wconf 90' lang='lat' dir='ltr'>ad</span> <span class='ocrx_word' id='word_1_575' title='bbox 1487 4033 1648 4090; x_wconf 80' lang='lat' dir='ltr'>Tertulliani</span> <span class='ocrx_word' id='word_1_576' title='bbox 1673 4034 1822 4090; x_wconf 89' lang='lat' dir='ltr'>institutum</span> <span class='ocrx_word' id='word_1_577' title='bbox 1847 4034 1966 4091; x_wconf 82' lang='lat' dir='ltr'>maxims</span> 
     </span>
     <span class='ocr_line' id='line_1_42' title="bbox 314 4118 1966 4201; baseline 0.005 -25"><span class='ocrx_word' id='word_1_578' title='bbox 314 4121 397 4177; x_wconf 82' lang='lat' dir='ltr'>diesen</span> <span class='ocrx_word' id='word_1_579' title='bbox 416 4138 426 4178; x_wconf 91' lang='lat'>.·</span> <span class='ocrx_word' id='word_1_580' title='bbox 447 4118 559 4178; x_wconf 81' lang='lat' dir='ltr'>Telluris</span> <span class='ocrx_word' id='word_1_581' title='bbox 582 4120 673 4178; x_wconf 85' lang='lat' dir='ltr'>inutile</span> <span class='ocrx_word' id='word_1_582' title='bbox 703 4124 803 4194; x_wconf 85' lang='lat' dir='ltr'>pondus</span> <span class='ocrx_word' id='word_1_583' title='bbox 838 4122 965 4197; x_wconf 81' lang='lat' dir='ltr'>(Luciam</span> <span class='ocrx_word' id='word_1_584' title='bbox 989 4123 1115 4184; x_wconf 80' lang='lat' dir='ltr'>laerones·</span> <span class='ocrx_word' id='word_1_585' title='bbox 1165 4128 1278 4185; x_wconf 81' lang='lat' dir='ltr'>iaciunt.</span> <span class='ocrx_word' id='word_1_586' title='bbox 1314 4127 1486 4185; x_wconf 87' lang='lat' dir='ltr'>Probandum</span> <span class='ocrx_word' id='word_1_587' title='bbox 1517 4128 1648 4201; x_wconf 86' lang='lat' dir='ltr'>siquidem</span> <span class='ocrx_word' id='word_1_588' title='bbox 1674 4135 1831 4198; x_wconf 79' lang='lat' dir='ltr'>susceperat</span> <span class='ocrx_word' id='word_1_589' title='bbox 1850 4126 1966 4200; x_wconf 69' lang='lat' dir='ltr'>emines</span> 
     </span>
    </p>
   </div>
   <div class='ocr_carea' id='block_1_7' title="bbox 217 4214 1966 4296">
    <p class='ocr_par' dir='ltr' id='par_1_8' title="bbox 217 4214 1966 4296">
     <span class='ocr_line' id='line_1_43' title="bbox 217 4214 1966 4296; baseline 0.004 -27"><span class='ocrx_word' id='word_1_590' title='bbox 217 4260 228 4282; x_wconf 71' lang='lat'>,</span> <span class='ocrx_word' id='word_1_591' title='bbox 314 4214 370 4281; x_wconf 82' lang='lat' dir='ltr'>ni,</span> <span class='ocrx_word' id='word_1_592' title='bbox 386 4214 514 4288; x_wconf 73' lang='lat' dir='ltr'>papibb</span> <span class='ocrx_word' id='word_1_593' title='bbox 539 4225 562 4271; x_wconf 86' lang='lat' dir='ltr'>ct</span> <span class='ocrx_word' id='word_1_594' title='bbox 587 4218 689 4290; x_wconf 82' lang='lat' dir='ltr'>seqq).</span> <span class='ocrx_word' id='word_1_595' title='bbox 711 4216 790 4273; x_wconf 82' lang='lat' dir='ltr'>Plura</span> <span class='ocrx_word' id='word_1_596' title='bbox 815 4216 903 4275; x_wconf 88' lang='lat' dir='ltr'>adltuc</span> <span class='ocrx_word' id='word_1_597' title='bbox 933 4218 980 4276; x_wconf 88' lang='lat' dir='ltr'>ille</span> <span class='ocrx_word' id='word_1_598' title='bbox 1013 4220 1040 4277; x_wconf 90' lang='lat' dir='ltr'>in</span> <span class='ocrx_word' id='word_1_599' title='bbox 1064 4236 1115 4278; x_wconf 90' lang='lat' dir='ltr'>suu</span> <span class='ocrx_word' id='word_1_600' title='bbox 1166 4221 1342 4296; x_wconf 86' lang='lat' dir='ltr'>philosophos</span> <span class='ocrx_word' id='word_1_601' title='bbox 1362 4221 1517 4279; x_wconf 87' lang='lat' dir='ltr'>christianis</span> <span class='ocrx_word' id='word_1_602' title='bbox 1540 4221 1654 4277; x_wconf 83' lang='lat' dir='ltr'>scietttia</span> <span class='ocrx_word' id='word_1_603' title='bbox 1675 4221 1966 4294; x_wconf 78' lang='lat' dir='ltr'>omninoprupostere</span> 
     </span>
    </p>
   </div>
   <div class='ocr_carea' id='block_1_8' title="bbox 313 4307 1970 5596">
    <p class='ocr_par' dir='ltr' id='par_1_9' title="bbox 313 4307 1970 5596">
     <span class='ocr_line' id='line_1_44' title="bbox 314 4307 1966 4389; baseline 0.002 -25"><span class='ocrx_word' id='word_1_604' title='bbox 314 4308 443 4366; x_wconf 86' lang='lat' dir='ltr'>desectis</span> <span class='ocrx_word' id='word_1_605' title='bbox 457 4307 565 4383; x_wconf 79' lang='lat' dir='ltr'>utstoqo</span> <span class='ocrx_word' id='word_1_606' title='bbox 589 4309 686 4383; x_wconf 83' lang='lat' dir='ltr'>(idem</span> <span class='ocrx_word' id='word_1_607' title='bbox 708 4309 872 4385; x_wconf 69' lang='lat' dir='ltr'>hieronym,</span> <span class='ocrx_word' id='word_1_608' title='bbox 888 4329 949 4386; x_wconf 83' lang='lat' dir='ltr'>pap.</span> <span class='ocrx_word' id='word_1_609' title='bbox 964 4313 1019 4372; x_wconf 77' lang='lat' dir='ltr'>Tib</span> <span class='ocrx_word' id='word_1_610' title='bbox 1030 4315 1053 4385; x_wconf 82' lang='lat' dir='ltr'>l,</span> <span class='ocrx_word' id='word_1_611' title='bbox 1069 4316 1113 4373; x_wconf 90' lang='lat' dir='ltr'>ubi</span> <span class='ocrx_word' id='word_1_612' title='bbox 1166 4315 1312 4389; x_wconf 74' lang='lat' dir='ltr'>adaequari.</span> <span class='ocrx_word' id='word_1_613' title='bbox 1327 4312 1436 4371; x_wconf 77' lang='lat' dir='ltr'>stittud</span> <span class='ocrx_word' id='word_1_614' title='bbox 1450 4321 1523 4370; x_wconf 88' lang='lat' dir='ltr'>reete</span> <span class='ocrx_word' id='word_1_615' title='bbox 1536 4310 1966 4384; x_wconf 64' lang='lat' dir='ltr'>cademotrstnequodutsuam</span> 
     </span>
     <span class='ocr_line' id='line_1_45' title="bbox 314 4401 1968 4480; baseline 0.001 -22"><span class='ocrx_word' id='word_1_616' title='bbox 314 4409 390 4458; x_wconf 90' lang='lat' dir='ltr'>certo</span> <span class='ocrx_word' id='word_1_617' title='bbox 404 4417 434 4459; x_wconf 89' lang='lat' dir='ltr'>se</span> <span class='ocrx_word' id='word_1_618' title='bbox 452 4401 487 4458; x_wconf 85' lang='lat' dir='ltr'>ab</span> <span class='ocrx_word' id='word_1_619' title='bbox 513 4405 640 4460; x_wconf 80' lang='lat' dir='ltr'>ominbus</span> <span class='ocrx_word' id='word_1_620' title='bbox 664 4405 801 4477; x_wconf 88' lang='lat' dir='ltr'>accepisse</span> <span class='ocrx_word' id='word_1_621' title='bbox 827 4414 940 4464; x_wconf 75' lang='lat' dir='ltr'>metatur</span> <span class='ocrx_word' id='word_1_622' title='bbox 963 4408 1113 4480; x_wconf 76' lang='lat' dir='ltr'>Epicureos</span> <span class='ocrx_word' id='word_1_623' title='bbox 1166 4424 1228 4465; x_wconf 88' lang='lat' dir='ltr'>cum</span> <span class='ocrx_word' id='word_1_624' title='bbox 1250 4415 1344 4465; x_wconf 85' lang='lat' dir='ltr'>nostra</span> <span class='ocrx_word' id='word_1_625' title='bbox 1362 4404 1514 4462; x_wconf 84' lang='lat' dir='ltr'>doctrinam</span> <span class='ocrx_word' id='word_1_626' title='bbox 1528 4414 1782 4476; x_wconf 82' lang='lat' dir='ltr'>compararent,ex</span> <span class='ocrx_word' id='word_1_627' title='bbox 1805 4416 1884 4460; x_wconf 84' lang='lat' dir='ltr'>sacro</span> <span class='ocrx_word' id='word_1_628' title='bbox 1902 4416 1968 4473; x_wconf 90' lang='lat' dir='ltr'>pro·</span> 
     </span>
     <span class='ocr_line' id='line_1_46' title="bbox 314 4491 1967 4575; baseline 0.001 -25"><span class='ocrx_word' id='word_1_629' title='bbox 314 4503 456 4566; x_wconf 90' lang='lat' dir='ltr'>corruptos</span> <span class='ocrx_word' id='word_1_630' title='bbox 465 4494 571 4553; x_wconf 87' lang='lat' dir='ltr'>deliciis</span> <span class='ocrx_word' id='word_1_631' title='bbox 581 4510 612 4552; x_wconf 90' lang='lat' dir='ltr'>ae</span> <span class='ocrx_word' id='word_1_632' title='bbox 626 4497 827 4569; x_wconf 83' lang='lat' dir='ltr'>uoluptatibns;</span> <span class='ocrx_word' id='word_1_633' title='bbox 847 4498 1043 4572; x_wconf 80' lang='lat' dir='ltr'>Peripateticos</span> <span class='ocrx_word' id='word_1_634' title='bbox 1066 4518 1115 4574; x_wconf 88' lang='lat' dir='ltr'>pa·</span> <span class='ocrx_word' id='word_1_635' title='bbox 1168 4502 1308 4575; x_wconf 90' lang='lat' dir='ltr'>phetarum</span> <span class='ocrx_word' id='word_1_636' title='bbox 1331 4498 1405 4556; x_wconf 85' lang='lat' dir='ltr'>iosus</span> <span class='ocrx_word' id='word_1_637' title='bbox 1429 4497 1554 4554; x_wconf 89' lang='lat' dir='ltr'>hortulos</span> <span class='ocrx_word' id='word_1_638' title='bbox 1565 4510 1645 4564; x_wconf 87' lang='lat' dir='ltr'>suos,</span> <span class='ocrx_word' id='word_1_639' title='bbox 1661 4505 1691 4552; x_wconf 90' lang='lat' dir='ltr'>ut</span> <span class='ocrx_word' id='word_1_640' title='bbox 1710 4491 1849 4551; x_wconf 80' lang='lat' dir='ltr'>Ciceronis</span> <span class='ocrx_word' id='word_1_641' title='bbox 1872 4495 1967 4553; x_wconf 84' lang='lat' dir='ltr'>serbis</span> 
     </span>
     <span class='ocr_line' id='line_1_47' title="bbox 313 4588 1964 4683; baseline 0.002 -40"><span class='ocrx_word' id='word_1_642' title='bbox 313 4589 406 4646; x_wconf 89' lang='lat' dir='ltr'>randis</span> <span class='ocrx_word' id='word_1_643' title='bbox 418 4590 640 4664; x_wconf 79' lang='lat' dir='ltr'>cumulandisque</span> <span class='ocrx_word' id='word_1_644' title='bbox 654 4590 756 4648; x_wconf 82' lang='lat' dir='ltr'>divitiis</span> <span class='ocrx_word' id='word_1_645' title='bbox 771 4593 920 4661; x_wconf 86' lang='lat' dir='ltr'>inservire,</span> <span class='ocrx_word' id='word_1_646' title='bbox 933 4605 962 4651; x_wconf 88' lang='lat' dir='ltr'>et</span> <span class='ocrx_word' id='word_1_647' title='bbox 982 4594 1114 4670; x_wconf 84' lang='lat' dir='ltr'>quosdam</span> <span class='ocrx_word' id='word_1_648' title='bbox 1126 4621 1154 4683; x_wconf 74' lang='grc' dir='ltr'>Ι)</span> <span class='ocrx_word' id='word_1_649' title='bbox 1168 4605 1284 4661; x_wconf 87' lang='lat' dir='ltr'>utamur,</span> <span class='ocrx_word' id='word_1_650' title='bbox 1295 4589 1576 4666; x_wconf 77' lang='lat' dir='ltr'>irriqarcrantlldem,</span> <span class='ocrx_word' id='word_1_651' title='bbox 1587 4590 1637 4645; x_wconf 89' lang='lat' dir='ltr'>loc.</span> <span class='ocrx_word' id='word_1_652' title='bbox 1646 4588 1691 4645; x_wconf 88' lang='lat' dir='ltr'>sit.</span> <span class='ocrx_word' id='word_1_653' title='bbox 1701 4597 1786 4660; x_wconf 70' lang='lat' dir='ltr'>supr„</span> <span class='ocrx_word' id='word_1_654' title='bbox 1800 4604 1857 4659; x_wconf 84' lang='lat' dir='ltr'>esp.</span> <span class='ocrx_word' id='word_1_655' title='bbox 1868 4588 1899 4655; x_wconf 77' lang='lat' dir='ltr'>i,</span> <span class='ocrx_word' id='word_1_656' title='bbox 1911 4594 1964 4645; x_wconf 86' lang='lat' dir='ltr'>art.</span> 
     </span>
     <span class='ocr_line' id='line_1_48' title="bbox 315 4679 1967 4763; baseline 0.008 -23"><span class='ocrx_word' id='word_1_657' title='bbox 315 4697 347 4740; x_wconf 86' lang='lat' dir='ltr'>er</span> <span class='ocrx_word' id='word_1_658' title='bbox 364 4683 416 4740; x_wconf 89' lang='lat' dir='ltr'>illis</span> <span class='ocrx_word' id='word_1_659' title='bbox 430 4684 573 4741; x_wconf 85' lang='lat' dir='ltr'>immodice</span> <span class='ocrx_word' id='word_1_660' title='bbox 587 4687 789 4754; x_wconf 71' lang='lat' dir='ltr'>constentiosos3</span> <span class='ocrx_word' id='word_1_661' title='bbox 805 4687 957 4746; x_wconf 81' lang='lat' dir='ltr'>Platonicos</span> <span class='ocrx_word' id='word_1_662' title='bbox 983 4705 1114 4763; x_wconf 74' lang='lat' dir='ltr'>arroqan-</span> <span class='ocrx_word' id='word_1_663' title='bbox 1166 4689 1214 4761; x_wconf 84' lang='lat' dir='ltr'>i).</span> <span class='ocrx_word' id='word_1_664' title='bbox 1228 4687 1322 4758; x_wconf 83' lang='lat' dir='ltr'>Neque</span> <span class='ocrx_word' id='word_1_665' title='bbox 1337 4685 1362 4742; x_wconf 91' lang='lat' dir='ltr'>id</span> <span class='ocrx_word' id='word_1_666' title='bbox 1384 4683 1587 4741; x_wconf 70' lang='lat' dir='ltr'>salustriacus</span> <span class='ocrx_word' id='word_1_667' title='bbox 1602 4682 1668 4755; x_wconf 84' lang='lat' dir='ltr'>ipsis</span> <span class='ocrx_word' id='word_1_668' title='bbox 1681 4690 1750 4739; x_wconf 84' lang='lat' dir='ltr'>erat</span> <span class='ocrx_word' id='word_1_669' title='bbox 1771 4681 1852 4738; x_wconf 63' lang='grc' dir='ltr'>ΒΜ</span> <span class='ocrx_word' id='word_1_670' title='bbox 1865 4679 1967 4754; x_wconf 87' lang='lat' dir='ltr'>quippe</span> 
     </span>
     <span class='ocr_line' id='line_1_49' title="bbox 315 4772 1965 4854; baseline -0.002 -23"><span class='ocrx_word' id='word_1_671' title='bbox 315 4786 367 4842; x_wconf 89' lang='lat' dir='ltr'>tes,</span> <span class='ocrx_word' id='word_1_672' title='bbox 382 4778 501 4847; x_wconf 75' lang='lat' dir='ltr'>turgidos</span> <span class='ocrx_word' id='word_1_673' title='bbox 515 4777 584 4834; x_wconf 85' lang='lat' dir='ltr'>iastu</span> <span class='ocrx_word' id='word_1_674' title='bbox 599 4780 694 4846; x_wconf 75' lang='lat' dir='ltr'>trimis,</span> <span class='ocrx_word' id='word_1_675' title='bbox 707 4788 735 4835; x_wconf 90' lang='lat' dir='ltr'>et</span> <span class='ocrx_word' id='word_1_676' title='bbox 752 4780 846 4852; x_wconf 79' lang='lat' dir='ltr'>qistrire</span> <span class='ocrx_word' id='word_1_677' title='bbox 868 4782 1113 4854; x_wconf 80' lang='lat' dir='ltr'>cupientissimus:</span> <span class='ocrx_word' id='word_1_678' title='bbox 1165 4781 1272 4839; x_wconf 71' lang='lat' dir='ltr'>Veteris</span> <span class='ocrx_word' id='word_1_679' title='bbox 1287 4778 1454 4836; x_wconf 88' lang='lat' dir='ltr'>Testamenti</span> <span class='ocrx_word' id='word_1_680' title='bbox 1485 4776 1618 4847; x_wconf 90' lang='lat' dir='ltr'>scriptura</span> <span class='ocrx_word' id='word_1_681' title='bbox 1647 4774 1773 4832; x_wconf 89' lang='lat' dir='ltr'>omnibus</span> <span class='ocrx_word' id='word_1_682' title='bbox 1795 4772 1965 4830; x_wconf 87' lang='lat' dir='ltr'>ethnicorum</span> 
     </span>
     <span class='ocr_line' id='line_1_50' title="bbox 317 4865 1965 4945; baseline -0.002 -20"><span class='ocrx_word' id='word_1_683' title='bbox 317 4878 339 4925; x_wconf 72' lang='lat' dir='ltr'>ot</span> <span class='ocrx_word' id='word_1_684' title='bbox 353 4871 516 4937; x_wconf 61' lang='lat' dir='ltr'>stercorari,</span> <span class='ocrx_word' id='word_1_685' title='bbox 544 4865 654 4943; x_wconf 76' lang='lat' dir='ltr'>inquit,</span> <span class='ocrx_word' id='word_1_686' title='bbox 672 4877 826 4944; x_wconf 45' lang='lat' dir='ltr'>scrupeus,</span> <span class='ocrx_word' id='word_1_687' title='bbox 856 4879 1113 4945; x_wconf 57' lang='lat' dir='ltr'>nortpertinorum.</span> <span class='ocrx_word' id='word_1_688' title='bbox 1166 4872 1456 4938; x_wconf 86' lang='lat' dir='ltr'>commentationibus,</span> <span class='ocrx_word' id='word_1_689' title='bbox 1471 4870 1509 4925; x_wconf 90' lang='lat' dir='ltr'>uti</span> <span class='ocrx_word' id='word_1_690' title='bbox 1525 4870 1582 4942; x_wconf 88' lang='lat' dir='ltr'>ipso</span> <span class='ocrx_word' id='word_1_691' title='bbox 1603 4869 1652 4936; x_wconf 86' lang='lat' dir='ltr'>sit,</span> <span class='ocrx_word' id='word_1_692' title='bbox 1675 4876 1703 4925; x_wconf 93' lang='lat' dir='ltr'>et</span> <span class='ocrx_word' id='word_1_693' title='bbox 1725 4866 1859 4925; x_wconf 82' lang='lat' dir='ltr'>husband</span> <span class='ocrx_word' id='word_1_694' title='bbox 1878 4865 1965 4923; x_wconf 85' lang='lat' dir='ltr'>semel</span> 
     </span>
     <span class='ocr_line' id='line_1_51' title="bbox 316 4959 1966 5038; baseline -0.001 -20"><span class='ocrx_word' id='word_1_695' title='bbox 316 4963 382 5034; x_wconf 75' lang='lat' dir='ltr'>Quae</span> <span class='ocrx_word' id='word_1_696' title='bbox 395 4962 504 5036; x_wconf 86' lang='lat' dir='ltr'>quidem</span> <span class='ocrx_word' id='word_1_697' title='bbox 518 4962 569 5020; x_wconf 90' lang='lat' dir='ltr'>hue</span> <span class='ocrx_word' id='word_1_698' title='bbox 583 4964 773 5035; x_wconf 72' lang='lat' dir='ltr'>cringessimus</span> <span class='ocrx_word' id='word_1_699' title='bbox 787 4964 820 5020; x_wconf 88' lang='lat' dir='ltr'>ad</span> <span class='ocrx_word' id='word_1_700' title='bbox 835 4979 939 5034; x_wconf 89' lang='lat' dir='ltr'>eorum,</span> <span class='ocrx_word' id='word_1_701' title='bbox 964 4983 1025 5038; x_wconf 73' lang='lat' dir='ltr'>quse</span> <span class='ocrx_word' id='word_1_702' title='bbox 1050 4984 1115 5024; x_wconf 83' lang='lat' dir='ltr'>mos</span> <span class='ocrx_word' id='word_1_703' title='bbox 1167 4965 1345 5032; x_wconf 89' lang='lat' dir='ltr'>ostendimus,</span> <span class='ocrx_word' id='word_1_704' title='bbox 1371 4973 1413 5022; x_wconf 88' lang='lat' dir='ltr'>est</span> <span class='ocrx_word' id='word_1_705' title='bbox 1426 4964 1506 5034; x_wconf 75' lang='lat' dir='ltr'>longe</span> <span class='ocrx_word' id='word_1_706' title='bbox 1515 4961 1757 5033; x_wconf 67' lang='lat' dir='ltr'>antiquissimos</span> <span class='ocrx_word' id='word_1_707' title='bbox 1778 4960 1867 5031; x_wconf 87' lang='lat' dir='ltr'>itaque</span> <span class='ocrx_word' id='word_1_708' title='bbox 1879 4959 1966 5016; x_wconf 86' lang='lat' dir='ltr'>docu-</span> 
     </span>
     <span class='ocr_line' id='line_1_52' title="bbox 315 5052 1968 5128; baseline -0.004 -16"><span class='ocrx_word' id='word_1_709' title='bbox 315 5057 416 5118; x_wconf 80' lang='lat' dir='ltr'>buctur</span> <span class='ocrx_word' id='word_1_710' title='bbox 436 5063 530 5112; x_wconf 88' lang='lat' dir='ltr'>noster</span> <span class='ocrx_word' id='word_1_711' title='bbox 543 5054 666 5112; x_wconf 86' lang='lat' dir='ltr'>dicturus</span> <span class='ocrx_word' id='word_1_712' title='bbox 679 5064 733 5121; x_wconf 91' lang='lat' dir='ltr'>est,</span> <span class='ocrx_word' id='word_1_713' title='bbox 758 5055 987 5128; x_wconf 87' lang='lat' dir='ltr'>anticipationem.</span> <span class='ocrx_word' id='word_1_714' title='bbox 1007 5057 1061 5116; x_wconf 87' lang='lat' dir='ltr'>Sed</span> <span class='ocrx_word' id='word_1_715' title='bbox 1080 5059 1116 5118; x_wconf 91' lang='lat' dir='ltr'>de</span> <span class='ocrx_word' id='word_1_716' title='bbox 1167 5067 1257 5116; x_wconf 79' lang='lat' dir='ltr'>uncina</span> <span class='ocrx_word' id='word_1_717' title='bbox 1270 5072 1304 5115; x_wconf 86' lang='lat' dir='ltr'>et</span> <span class='ocrx_word' id='word_1_718' title='bbox 1316 5056 1402 5114; x_wconf 84' lang='lat' dir='ltr'>sacris</span> <span class='ocrx_word' id='word_1_719' title='bbox 1412 5056 1513 5112; x_wconf 90' lang='lat' dir='ltr'>nostris</span> <span class='ocrx_word' id='word_1_720' title='bbox 1525 5055 1612 5120; x_wconf 88' lang='lat' dir='ltr'>libris,</span> <span class='ocrx_word' id='word_1_721' title='bbox 1625 5053 1696 5110; x_wconf 90' lang='lat' dir='ltr'>sicut</span> <span class='ocrx_word' id='word_1_722' title='bbox 1707 5052 1771 5109; x_wconf 89' lang='lat' dir='ltr'>alibi</span> <span class='ocrx_word' id='word_1_723' title='bbox 1784 5066 1800 5107; x_wconf 86' lang='lat' dir='ltr'>a</span> <span class='ocrx_word' id='word_1_724' title='bbox 1812 5052 1891 5108; x_wconf 87' lang='lat' dir='ltr'>nohis</span> <span class='ocrx_word' id='word_1_725' title='bbox 1902 5066 1968 5124; x_wconf 85' lang='lat' dir='ltr'>pso·</span> 
     </span>
     <span class='ocr_line' id='line_1_53' title="bbox 317 5142 1966 5222; baseline -0.004 -17"><span class='ocrx_word' id='word_1_726' title='bbox 317 5148 361 5205; x_wconf 89' lang='lat' dir='ltr'>bis</span> <span class='ocrx_word' id='word_1_727' title='bbox 371 5148 568 5222; x_wconf 82' lang='lat' dir='ltr'>jamaliquidln</span> <span class='ocrx_word' id='word_1_728' title='bbox 579 5149 713 5220; x_wconf 90' lang='lat' dir='ltr'>superiori</span> <span class='ocrx_word' id='word_1_729' title='bbox 725 5148 914 5207; x_wconf 89' lang='lat' dir='ltr'>dissertatione</span> <span class='ocrx_word' id='word_1_730' title='bbox 926 5151 1114 5211; x_wconf 82' lang='lat' dir='ltr'>delibavimus.</span> <span class='ocrx_word' id='word_1_731' title='bbox 1167 5151 1258 5208; x_wconf 91' lang='lat' dir='ltr'>batum</span> <span class='ocrx_word' id='word_1_732' title='bbox 1275 5157 1328 5216; x_wconf 90' lang='lat' dir='ltr'>est,</span> <span class='ocrx_word' id='word_1_733' title='bbox 1343 5147 1422 5204; x_wconf 86' lang='lat' dir='ltr'>iurati</span> <span class='ocrx_word' id='word_1_734' title='bbox 1438 5156 1512 5215; x_wconf 89' lang='lat' dir='ltr'>sunt,</span> <span class='ocrx_word' id='word_1_735' title='bbox 1526 5155 1555 5202; x_wconf 96' lang='lat' dir='ltr'>ut</span> <span class='ocrx_word' id='word_1_736' title='bbox 1581 5143 1736 5203; x_wconf 84' lang='lat' dir='ltr'>christianis</span> <span class='ocrx_word' id='word_1_737' title='bbox 1755 5158 1834 5217; x_wconf 86' lang='lat' dir='ltr'>pares</span> <span class='ocrx_word' id='word_1_738' title='bbox 1853 5142 1966 5200; x_wconf 86' lang='lat' dir='ltr'>scientia</span> 
     </span>
     <span class='ocr_line' id='line_1_54' title="bbox 354 5235 1966 5314; baseline -0.003 -16"><span class='ocrx_word' id='word_1_739' title='bbox 354 5240 512 5314; x_wconf 80' lang='lat' dir='ltr'>Philosophi</span> <span class='ocrx_word' id='word_1_740' title='bbox 526 5240 608 5314; x_wconf 71' lang='lat' dir='ltr'>igitur</span> <span class='ocrx_word' id='word_1_741' title='bbox 622 5240 794 5300; x_wconf 76' lang='lat' dir='ltr'>tmuuuteuta</span> <span class='ocrx_word' id='word_1_742' title='bbox 806 5242 929 5301; x_wconf 85' lang='lat' dir='ltr'>recitatis</span> <span class='ocrx_word' id='word_1_743' title='bbox 954 5248 1116 5303; x_wconf 87' lang='lat' dir='ltr'>ostentatio·</span> <span class='ocrx_word' id='word_1_744' title='bbox 1168 5242 1342 5300; x_wconf 86' lang='lat' dir='ltr'>crederentur</span> <span class='ocrx_word' id='word_1_745' title='bbox 1369 5239 1473 5312; x_wconf 82' lang='lat' dir='ltr'>(Seps.</span> <span class='ocrx_word' id='word_1_746' title='bbox 1486 5255 1545 5311; x_wconf 85' lang='lat' dir='ltr'>cap.</span> <span class='ocrx_word' id='word_1_747' title='bbox 1560 5237 1588 5303; x_wconf 84' lang='lat' dir='ltr'>ti,</span> <span class='ocrx_word' id='word_1_748' title='bbox 1602 5247 1653 5293; x_wconf 86' lang='lat' dir='ltr'>ert.</span> <span class='ocrx_word' id='word_1_749' title='bbox 1676 5237 1695 5294; x_wconf 81' lang='lat' dir='ltr'>l</span> <span class='ocrx_word' id='word_1_750' title='bbox 1715 5244 1741 5292; x_wconf 92' lang='lat' dir='ltr'>et</span> <span class='ocrx_word' id='word_1_751' title='bbox 1761 5251 1843 5308; x_wconf 64' lang='lat' dir='ltr'>seqq„</span> <span class='ocrx_word' id='word_1_752' title='bbox 1856 5246 1917 5291; x_wconf 86' lang='lat' dir='ltr'>tout.</span> <span class='ocrx_word' id='word_1_753' title='bbox 1942 5235 1966 5294; x_wconf 92' lang='lat' dir='ltr'>l.</span> 
     </span>
     <span class='ocr_line' id='line_1_55' title="bbox 313 5330 1852 5410; baseline 0.009 -20"><span class='ocrx_word' id='word_1_754' title='bbox 313 5347 351 5404; x_wconf 46' lang='lat' dir='ltr'>,ne</span> <span class='ocrx_word' id='word_1_755' title='bbox 365 5334 455 5404; x_wconf 86' lang='lat' dir='ltr'>pranis</span> <span class='ocrx_word' id='word_1_756' title='bbox 476 5332 648 5407; x_wconf 89' lang='lat' dir='ltr'>opinionibus</span> <span class='ocrx_word' id='word_1_757' title='bbox 670 5333 744 5391; x_wconf 90' lang='lat' dir='ltr'>illam</span> <span class='ocrx_word' id='word_1_758' title='bbox 766 5333 963 5403; x_wconf 86' lang='lat' dir='ltr'>adulterabant,</span> <span class='ocrx_word' id='word_1_759' title='bbox 979 5352 1015 5394; x_wconf 88' lang='lat' dir='ltr'>no</span> <span class='ocrx_word' id='word_1_760' title='bbox 1037 5346 1116 5410; x_wconf 90' lang='lat' dir='ltr'>pate·</span> <span class='ocrx_word' id='word_1_761' title='bbox 1168 5335 1294 5408; x_wconf 77' lang='lat' dir='ltr'>Apparet.</span> <span class='ocrx_word' id='word_1_762' title='bbox 1308 5352 1369 5407; x_wconf 73' lang='lat' dir='ltr'>pus·</span> <span class='ocrx_word' id='word_1_763' title='bbox 1383 5332 1447 5399; x_wconf 72' lang='grc'>384.</span> <span class='ocrx_word' id='word_1_764' title='bbox 1460 5333 1524 5401; x_wconf 75' lang='lat'>53¹.</span> <span class='ocrx_word' id='word_1_765' title='bbox 1538 5330 1592 5389; x_wconf 79' lang='grc'>909</span> <span class='ocrx_word' id='word_1_766' title='bbox 1601 5340 1630 5388; x_wconf 72' lang='grc' dir='ltr'>θῑ</span> <span class='ocrx_word' id='word_1_767' title='bbox 1640 5330 1711 5388; x_wconf 69' lang='lat'>¹¹¹²</span> <span class='ocrx_word' id='word_1_768' title='bbox 1725 5338 1749 5385; x_wconf 66' lang='lat' dir='ltr'>‘i</span> <span class='ocrx_word' id='word_1_769' title='bbox 1759 5330 1852 5403; x_wconf 64' lang='lat' dir='ltr'>&#39;‘ilii-</span> 
     </span>
     <span class='ocr_line' id='line_1_56' title="bbox 315 5421 1969 5501; baseline -0.003 -17"><span class='ocrx_word' id='word_1_770' title='bbox 315 5425 385 5484; x_wconf 81' lang='lat' dir='ltr'>lacto</span> <span class='ocrx_word' id='word_1_771' title='bbox 410 5427 507 5500; x_wconf 76' lang='lat' dir='ltr'>vulgos</span> <span class='ocrx_word' id='word_1_772' title='bbox 532 5428 656 5486; x_wconf 77' lang='lat' dir='ltr'>insacrum</span> <span class='ocrx_word' id='word_1_773' title='bbox 671 5427 839 5496; x_wconf 69' lang='lat' dir='ltr'>offenderet,</span> <span class='ocrx_word' id='word_1_774' title='bbox 853 5438 935 5486; x_wconf 85' lang='lat' dir='ltr'>et¹ut</span> <span class='ocrx_word' id='word_1_775' title='bbox 947 5429 999 5501; x_wconf 90' lang='lat' dir='ltr'>ipsi</span> <span class='ocrx_word' id='word_1_776' title='bbox 1018 5430 1113 5488; x_wconf 91' lang='lat' dir='ltr'>lalsam</span> <span class='ocrx_word' id='word_1_777' title='bbox 1200 5428 1248 5486; x_wconf 82' lang='lat' dir='ltr'>alst</span> <span class='ocrx_word' id='word_1_778' title='bbox 1257 5426 1406 5500; x_wconf 85' lang='lat' dir='ltr'>philosophi</span> <span class='ocrx_word' id='word_1_779' title='bbox 1414 5426 1453 5483; x_wconf 90' lang='lat' dir='ltr'>illi</span> <span class='ocrx_word' id='word_1_780' title='bbox 1461 5425 1561 5500; x_wconf 82' lang='lat' dir='ltr'>qlorioe,</span> <span class='ocrx_word' id='word_1_781' title='bbox 1570 5421 1969 5494; x_wconf 81' lang='lat' dir='ltr'>sitTertullianns,etelaqsees·</span> 
     </span>
     <span class='ocr_line' id='line_1_57' title="bbox 315 5513 1970 5596; baseline -0.003 -21"><span class='ocrx_word' id='word_1_782' title='bbox 315 5519 393 5578; x_wconf 74' lang='lat' dir='ltr'>saum</span> <span class='ocrx_word' id='word_1_783' title='bbox 403 5520 563 5578; x_wconf 83' lang='lat' dir='ltr'>eruditionis</span> <span class='ocrx_word' id='word_1_784' title='bbox 575 5521 688 5593; x_wconf 75' lang='lat' dir='ltr'>gloriam</span> <span class='ocrx_word' id='word_1_785' title='bbox 703 5522 754 5579; x_wconf 91' lang='lat' dir='ltr'>sibl</span> <span class='ocrx_word' id='word_1_786' title='bbox 769 5530 906 5593; x_wconf 89' lang='lat' dir='ltr'>parerent,</span> <span class='ocrx_word' id='word_1_787' title='bbox 926 5536 958 5580; x_wconf 91' lang='lat' dir='ltr'>ac</span> <span class='ocrx_word' id='word_1_788' title='bbox 978 5537 1114 5582; x_wconf 86' lang='lat' dir='ltr'>renaren·</span> <span class='ocrx_word' id='word_1_789' title='bbox 1167 5524 1210 5579; x_wconf 86' lang='lat' dir='ltr'>tite</span> <span class='ocrx_word' id='word_1_790' title='bbox 1222 5523 1303 5579; x_wconf 83' lang='lat' dir='ltr'>solies</span> <span class='ocrx_word' id='word_1_791' title='bbox 1315 5521 1455 5585; x_wconf 78' lang='lat' dir='ltr'>libidinosi,</span> <span class='ocrx_word' id='word_1_792' title='bbox 1474 5521 1498 5577; x_wconf 87' lang='lat' dir='ltr'>si</span> <span class='ocrx_word' id='word_1_793' title='bbox 1511 5519 1574 5591; x_wconf 79' lang='lat' dir='ltr'>quiet</span> <span class='ocrx_word' id='word_1_794' title='bbox 1583 5520 1611 5575; x_wconf 87' lang='lat' dir='ltr'>in</span> <span class='ocrx_word' id='word_1_795' title='bbox 1623 5518 1705 5573; x_wconf 81' lang='lat' dir='ltr'>sterh</span> <span class='ocrx_word' id='word_1_796' title='bbox 1726 5516 1871 5588; x_wconf 72' lang='lat' dir='ltr'>scripturis</span> <span class='ocrx_word' id='word_1_797' title='bbox 1884 5513 1970 5596; x_wconf 63' lang='lat' dir='ltr'>affor·</span> 
     </span>
    </p>
   </div>
   <div class='ocr_carea' id='block_1_9' title="bbox 318 5607 2045 5688">
    <p class='ocr_par' dir='ltr' id='par_1_10' title="bbox 318 5607 2045 5688">
     <span class='ocr_line' id='line_1_58' title="bbox 318 5607 2045 5688; baseline -0.008 -15"><span class='ocrx_word' id='word_1_798' title='bbox 318 5626 345 5673; x_wconf 93' lang='lat' dir='ltr'>tn</span> <span class='ocrx_word' id='word_1_799' title='bbox 353 5633 375 5672; x_wconf 90' lang='lat' dir='ltr'>r.</span> <span class='ocrx_word' id='word_1_800' title='bbox 397 5615 647 5680; x_wconf 70' lang='lat' dir='ltr'>verumenimvero,</span> <span class='ocrx_word' id='word_1_801' title='bbox 660 5617 687 5671; x_wconf 87' lang='lat' dir='ltr'>itt</span> <span class='ocrx_word' id='word_1_802' title='bbox 710 5623 843 5688; x_wconf 85' lang='lat' dir='ltr'>qnantum,</span> <span class='ocrx_word' id='word_1_803' title='bbox 871 5615 909 5672; x_wconf 89' lang='lat' dir='ltr'>nit</span> <span class='ocrx_word' id='word_1_804' title='bbox 921 5614 1115 5688; x_wconf 86' lang='lat' dir='ltr'>Tertullianus,</span> <span class='ocrx_word' id='word_1_805' title='bbox 1168 5616 1271 5684; x_wconf 82' lang='lat' dir='ltr'>derunt,</span> <span class='ocrx_word' id='word_1_806' title='bbox 1284 5615 1387 5686; x_wconf 81' lang='lat' dir='ltr'>clipeatis</span> <span class='ocrx_word' id='word_1_807' title='bbox 1398 5629 1431 5669; x_wconf 83' lang='lat' dir='ltr'>es</span> <span class='ocrx_word' id='word_1_808' title='bbox 1442 5628 1491 5682; x_wconf 85' lang='lat' dir='ltr'>pro</span> <span class='ocrx_word' id='word_1_809' title='bbox 1503 5612 1621 5667; x_wconf 75' lang='lat' dir='ltr'>instituta</span> <span class='ocrx_word' id='word_1_810' title='bbox 1638 5609 1794 5665; x_wconf 67' lang='lat' dir='ltr'>cruentatis</span> <span class='ocrx_word' id='word_1_811' title='bbox 1812 5607 1849 5663; x_wconf 78' lang='lat' dir='ltr'>ad</span> <span class='ocrx_word' id='word_1_812' title='bbox 1859 5607 1972 5680; x_wconf 72' lang='lat' dir='ltr'>propris</span> <span class='ocrx_word' id='word_1_813' title='bbox 2042 5629 2045 5636; x_wconf 90' lang='lat'>·</span> 
     </span>
    </p>
   </div>
   <div class='ocr_carea' id='block_1_10' title="bbox 313 5698 1973 5875">
    <p class='ocr_par' dir='ltr' id='par_1_11' title="bbox 313 5698 1973 5875">
     <span class='ocr_line' id='line_1_59' title="bbox 317 5698 1969 5783; baseline -0.005 -19"><span class='ocrx_word' id='word_1_814' title='bbox 317 5709 404 5764; x_wconf 81' lang='lat' dir='ltr'>odirent</span> <span class='ocrx_word' id='word_1_815' title='bbox 418 5709 512 5781; x_wconf 70' lang='lat' dir='ltr'>papst</span> <span class='ocrx_word' id='word_1_816' title='bbox 525 5709 628 5777; x_wconf 81' lang='lat' dir='ltr'>teritos,</span> <span class='ocrx_word' id='word_1_817' title='bbox 638 5709 770 5778; x_wconf 74' lang='lat' dir='ltr'>intentum</span> <span class='ocrx_word' id='word_1_818' title='bbox 780 5709 823 5778; x_wconf 90' lang='lat' dir='ltr'>qni</span> <span class='ocrx_word' id='word_1_819' title='bbox 836 5726 891 5763; x_wconf 87' lang='lat' dir='ltr'>eant</span> <span class='ocrx_word' id='word_1_820' title='bbox 901 5725 932 5765; x_wconf 81' lang='lat' dir='ltr'>ss</span> <span class='ocrx_word' id='word_1_821' title='bbox 942 5709 1117 5783; x_wconf 68' lang='lat' dir='ltr'>iideprtestat,</span> <span class='ocrx_word' id='word_1_822' title='bbox 1168 5721 1247 5779; x_wconf 85' lang='lat' dir='ltr'>opero</span> <span class='ocrx_word' id='word_1_823' title='bbox 1268 5707 1395 5760; x_wconf 68' lang='lat' dir='ltr'>animent</span> <span class='ocrx_word' id='word_1_824' title='bbox 1408 5702 1572 5774; x_wconf 74' lang='lat' dir='ltr'>(Tertulliano</span> <span class='ocrx_word' id='word_1_825' title='bbox 1595 5700 1742 5773; x_wconf 63' lang='lat' dir='ltr'>emtores,</span> <span class='ocrx_word' id='word_1_826' title='bbox 1754 5716 1806 5773; x_wconf 84' lang='lat' dir='ltr'>cop</span> <span class='ocrx_word' id='word_1_827' title='bbox 1833 5698 1879 5766; x_wconf 78' lang='lat' dir='ltr'>ti,</span> <span class='ocrx_word' id='word_1_828' title='bbox 1903 5713 1969 5771; x_wconf 69' lang='lat' dir='ltr'>pq.</span> 
     </span>
     <span class='ocr_line' id='line_1_60' title="bbox 313 5789 1973 5875; baseline 0.001 -25"><span class='ocrx_word' id='word_1_829' title='bbox 313 5793 434 5862; x_wconf 62' lang='lat' dir='ltr'>offendite</span> <span class='ocrx_word' id='word_1_830' title='bbox 450 5798 501 5866; x_wconf 82' lang='lat' dir='ltr'>Qtsi</span> <span class='ocrx_word' id='word_1_831' title='bbox 510 5809 595 5854; x_wconf 85' lang='lat' dir='ltr'>netem</span> <span class='ocrx_word' id='word_1_832' title='bbox 610 5801 746 5868; x_wconf 82' lang='lat' dir='ltr'>adulterat,</span> <span class='ocrx_word' id='word_1_833' title='bbox 759 5800 808 5856; x_wconf 82' lang='lat' dir='ltr'>hoe</span> <span class='ocrx_word' id='word_1_834' title='bbox 820 5801 1042 5860; x_wconf 80' lang='lat' dir='ltr'>nterimenotnine</span> <span class='ocrx_word' id='word_1_835' title='bbox 1053 5820 1115 5875; x_wconf 86' lang='lat' dir='ltr'>prs·</span> <span class='ocrx_word' id='word_1_836' title='bbox 1151 5789 1246 5872; x_wconf 77' lang='lat' dir='ltr'>&#39;nauh</span> <span class='ocrx_word' id='word_1_837' title='bbox 1260 5798 1314 5860; x_wconf 79' lang='lat' dir='ltr'>Sed</span> <span class='ocrx_word' id='word_1_838' title='bbox 1324 5797 1453 5872; x_wconf 69' lang='lat' dir='ltr'>Ripaltius</span> <span class='ocrx_word' id='word_1_839' title='bbox 1464 5798 1500 5856; x_wconf 87' lang='lat' dir='ltr'>ibi</span> <span class='ocrx_word' id='word_1_840' title='bbox 1513 5795 1705 5858; x_wconf 75' lang='lat' dir='ltr'>reluctantibus</span> <span class='ocrx_word' id='word_1_841' title='bbox 1715 5794 1824 5869; x_wconf 76' lang='lat' dir='ltr'>scriptis</span> <span class='ocrx_word' id='word_1_842' title='bbox 1832 5790 1973 5866; x_wconf 70' lang='lat' dir='ltr'>edil&#39;mpus</span> 
     </span>
    </p>
   </div>
   <div class='ocr_carea' id='block_1_11' title="bbox 0 0 2128 6259">
    <p class='ocr_par' dir='ltr' id='par_1_12' title="bbox 0 0 2128 6259">
     <span class='ocr_line' id='line_1_61' title="bbox 0 0 2128 6259; baseline 0 0"><span class='ocrx_word' id='word_1_843' title='bbox 0 0 2128 6259; x_wconf 95' lang='lat' dir='ltr'> </span> 
     </span>
    </p>
   </div>
  </div>
 </body>
</html>
