4242 6259
300 187 414 281 Μ’
838 212 1413 278 mmmmmn
1878 220 1951 280 rm

297 354 316 396 ι
331 336 435 394 Nerone
447 335 596 392 damaetam
618 330 840 407 (idemiiidem).
872 331 927 389 Sed
946 331 1004 389 trec
1021 332 1101 404 paulo
1113 333 1141 398 A
1153 334 1287 391 nubantur
1301 348 1373 390 rano
1383 332 1544 400 edictorum,
1557 333 1591 392 ab
1603 332 1645 392 bis
1657 334 1867 407 imperatoribus
1875 333 1955 396 dato-

299 429 387 489 lusios
406 428 577 503 prosequitur
597 425 623 481 ln
646 438 696 481 suo
720 425 756 479 art
781 422 907 480 Nationes
934 424 1024 482 libro:
1045 425 1101 482 Sui
1152 439 1224 494 rom,
1238 434 1369 498 praetextu
1383 441 1459 482 suam
1472 428 1498 483 in
1509 424 1677 484 Christianos
1690 443 1824 486 excusare
1835 429 1955 488 crudeli·

300 521 417 587 Naana,
431 519 525 591 inquit,
540 516 671 572 domitano
684 514 803 582 inuoluit,
814 518 911 589 etjam
925 518 984 575 trino
997 518 1029 572 de
1041 534 1102 591 per·
1153 526 1247 577 tatem.
1262 525 1299 575 At
1317 517 1353 575 de
1374 527 1488 590 utroque
1511 518 1558 575 illo
1581 519 1745 593 imperatore
1760 519 1913 578 Domitiano
1926 531 1956 579 et

300 632 367 673 sono
378 611 544 685 perreemurla
558 608 713 679 maumetis.
728 607 759 665 Si
778 609 836 680 piar
850 610 895 665 itte
907 611 1035 681 princeps,
1051 610 1102 664 im·
1152 609 1271 678 Nerone,
1283 618 1311 667 et
1323 619 1457 667 commota
1470 609 1776 670 adremusClrristianos
1788 613 1955 685 persecutio·

302 705 342 778 pit
360 702 552 771 (induimini
571 702 669 774 juratus,
695 702 717 757 ri
742 710 837 768 castas,
856 702 947 769 iniusti
966 711 990 756 et
1014 702 1103 758 incesti
1154 717 1199 771 ne,
1228 702 1256 758 iu
1283 702 1335 759 alia
1361 700 1551 759 dissertatione
1564 701 1762 774 disputabimus
1784 701 1882 777 (infr,
1894 722 1953 777 cap.

299 797 460 863 Christiani,
474 797 497 852 si
510 812 561 851 noa
577 795 656 851 tortis
670 795 797 867 publicus,
811 811 857 850 rror
881 794 975 864 publici
997 795 1103 859 lrostes,·
1155 792 1200 857 ld,
1223 802 1272 849 art.
1299 794 1328 859 5,
1356 790 1464 849 llimert.
1490 793 1518 848 irs
1540 790 1604 848 Luc.
1627 791 1714 849 Gaecr'i.
1741 810 1800 865 cup.
1819 794 1848 862 o,
1868 804 1917 851 art.
1938 797 1952 853 l

298 891 390 964 quales
422 889 503 946 simm
531 889 667 943 damnator
697 887 742 942 iile
775 886 976 952 demonstrarit,
1016 885 1104 956 artique
1155 892 1178 940 et
1191 884 1241 956 2).

297 981 410 1048 emata,
441 982 467 1038 id
499 988 553 1049 est,
578 979 729 1037 contrarias
754 979 878 1050 pessimis
905 979 962 1035 suis
982 977 1104 1035 moribus
1190 974 1335 1043 Caeterum,
1349 974 1372 1030 si
1391 974 1420 1030 bi
1437 973 1492 1031 duo
1505 975 1660 1049 nequissimi
1681 975 1859 1048 imperatores
1874 991 1954 1050 quas-

295 1074 541 1147 rirtutcspnniens.
556 1071 590 1127 Et
611 1081 695 1127 tamen
710 1072 864 1142 pmnansit,
878 1071 1102 1137 mrsiromnilrar,
1154 1069 1216 1126 dam
1240 1069 1371 1126 adversos
1391 1068 1562 1140 Christianos
1582 1069 1755 1127 sanciverunt
1775 1070 1956 1143 iniquissimas

297 1169 347 1224 loe
366 1165 450 1222 satam
463 1164 607 1220 institutum
622 1163 810 1230 Neronianum,
822 1164 922 1235 justum
940 1163 1058 1235 denique,
1074 1173 1104 1219 ιι
1155 1160 1246 1231 leges,
1261 1168 1369 1217 conant
1382 1174 1449 1217 sane
1461 1161 1546 1230 alios,
1562 1160 1607 1231 qui
1621 1159 1711 1217 medio
1724 1161 1796 1218 inter
1811 1170 1956 1235 utrumque

297 1256 422 1314 dissimile
432 1255 473 1312 rui
488 1255 600 1312 auctoris
613 1252 712 1327 (idern,
727 1255 796 1312 tter
816 1257 851 1309 od
867 1254 987 1322 Notium,
1001 1271 1059 1328 cap.
1074 1256 1102 1324 t,
1155 1245 1289 1327 tentpore,
1302 1253 1346 1312 rel
1359 1262 1419 1326 post
1432 1254 1613 1311 llornitianum
1627 1253 1661 1310 ad
1674 1252 1829 1311 Tertulliani
1840 1265 1954 1313 atatem

296 1369 327 1425 p.
343 1349 425 1419 567).
1154 1359 1318 1418 regnavere,
1335 1354 1381 1401 aut
1403 1329 1572 1402 Christianos
1589 1359 1642 1400 non
1655 1345 1813 1412 resarime,
1828 1356 1874 1403 aut
1888 1348 1957 1419 ipsis

334 1439 394 1496 Non
406 1446 532 1510 poterant
550 1436 630 1509 igitur
642 1436 757 1509 gentiles
767 1435 929 1494 Christianis
942 1438 1060 1511 objicere
1072 1452 1104 1507 qe
1154 1433 1263 1503 lauisse,
1280 1443 1327 1492 aut
1341 1435 1413 1493 nulla
1428 1435 1524 1493 tulisse
1535 1445 1629 1493 contra
1645 1436 1707 1493 illos
1725 1437 1829 1506 edicta,
1843 1438 1891 1496 aed
1904 1453 1958 1511 po-

296 1532 404 1605 legibus
429 1530 463 1587 ab
478 1530 638 1601 impiissimo
665 1529 712 1585 illo
741 1538 855 1602 tyranno
873 1531 945 1587 datis
957 1531 1100 1604 obstringi.
1154 1527 1209 1584 tius
1225 1528 1315 1599 priora
1333 1527 1530 1586 emendatiore.
1550 1528 1636 1598 Quam
1649 1538 1740 1585 autem
1755 1529 1782 1586 id
1792 1537 1897 1586 eertum
1909 1531 1957 1598 sit,

296 1623 389 1684 Prima
412 1624 512 1695 qnippe
534 1624 577 1678 lex
602 1623 629 1678 in
642 1637 691 1678 eos
705 1622 808 1678 sancita
830 1620 865 1678 ab
877 1623 934 1690 iilo,
950 1623 996 1695 qui
1021 1623 1103 1679 tantis
1154 1633 1284 1692 agnosces
1299 1620 1419 1691 prolecto
1433 1619 1476 1677 bis
1489 1619 1647 1678 Tertulliani
1667 1619 1767 1688 verbis,
1782 1621 1880 1693 quibus
1892 1621 1955 1680 etit·

297 1725 409 1787 tamque
428 1713 571 1770 horrendis
591 1714 741 1771 sceleribus
759 1712 888 1771 inlamem
913 1715 994 1770 ritarn
1010 1713 1108 1790 duait,
1122 1726 1148 1788 Β
1161 1715 1236 1771 nicos
1250 1714 1290 1770 sio
1303 1722 1432 1785 prouocat
1452 1733 1459 1770 r
1479 1711 1519 1769 De
1533 1724 1569 1770 tot
1583 1713 1675 1770 exinde
1687 1714 1848 1792 principibus
1860 1715 1896 1769 ad
1909 1716 1959 1771 tro·

297 1807 474 1866 manilestuua
487 1816 561 1863 certe
575 1805 701 1863 omnibus
721 1806 785 1863 lecit
804 1822 884 1879 quarn
898 1817 1003 1865 castum
1018 1809 1046 1864 e't
1063 1808 1106 1863 in·
1160 1806 1292 1872 dieraam,
1305 1806 1421 1861 diuinum
1438 1807 1627 1876 humanamque
1645 1807 1813 1877 sapientiora,
1828 1807 1894 1863 edite
1912 1808 1962 1864 aii·

300 1898 697 1982 pocenserathristianorom
707 1899 916 1972 rirendigenus.
929 1900 1033 1958 Deinde
1042 1916 1108 1957 aero
1157 1914 1233 1970 quem
1249 1896 1429 1954 debellatorem
1442 1895 1648 1954 Christianorum
1661 1896 1845 1969 (Tertulliarr,
1863 1899 1962 1971 ripato-

296 1990 345 2049 ille
357 1992 490 2049 bonorum
507 1988 628 2046 omninm
642 1989 728 2046 bostis
742 1977 1037 2058 intensissimussnilril
1051 1991 1104 2049 nisi
1157 2000 1221 2063 get,
1232 2007 1291 2062 cap.
1305 1991 1332 2055 b,
1347 2008 1375 2061 p.
1385 1988 1463 2061 iil).
1476 1989 1533 2058 Qua
1546 1999 1647 2058 autem,
1657 1991 1781 2056 obsecro,
1797 1990 1885 2048 trenta
1897 1991 1962 2049 etla-

297 2080 401 2139 bonum
420 2091 448 2138 et
461 2095 568 2152 aequum
584 2079 738 2137 damnabat.
757 2080 863 2138 Etbnici
883 2097 947 2154 ergo
964 2083 1105 2154 iniquissi·
1157 2082 1234 2139 nicos
1248 2091 1320 2138 tanta
1335 2082 1479 2138 securitate
1502 2081 1665 2153 compellare
1680 2082 1818 2151 audebat,
1836 2083 1888 2140 nisi
1906 2082 1961 2141 boe

298 2174 355 2231 mia
368 2174 428 2245 eius
441 2173 546 2245 legibus
559 2188 696 2246 nunquam
712 2176 797 2232 teneri
816 2184 957 2247 poterant;
976 2190 1010 2233 ac
1024 2176 1104 2233 Cirri-
1157 2173 1253 2232 luisset
1275 2175 1466 2232 verissimum?
1480 2175 1514 2231 Et
1527 2183 1601 2232 certe
1616 2175 1780 2243 ilelitonem,
1794 2176 1828 2233 ab
1842 2177 1962 2237 Eusebio

296 2267 380 2323 atiani
392 2266 454 2338 jure
467 2265 564 2323 merito
579 2280 610 2322 se
623 2266 657 2323 ab
671 2265 780 2324 lromine
795 2276 849 2321 tarn
863 2266 947 2337 impio
961 2267 1104 2325 damnatos
1156 2267 1268 2323 citatum
1284 2265 1405 2341 (Turrem,
1420 2267 1465 2322 lii.
1494 2263 1646 2322 liberter.
1674 2263 1758 2333 llirt.,
1784 2282 1845 2339 erp.
1865 2267 1911 2334 bo,
1926 2287 1958 2341 p.

296 2371 359 2416 essa
372 2357 565 2429 gloriabantur.
580 2357 700 2428 benique
713 2373 761 2413 sua
777 2357 944 2415 erudelitate
957 2366 985 2415 et
999 2358 1105 2415 inandi·
1157 2357 1233 2431 tlt),
1246 2374 1278 2415 ae
1293 2359 1384 2429 piures
1398 2358 1479 2425 alios,
1490 2359 1559 2415 sieut
1572 2358 1634 2415 alibi
1653 2357 1822 2417 ostendimus
1835 2359 1957 2434 (dissert.

243 2477 248 2490 ‹
299 2450 338 2508 tia
352 2449 483 2507 hactenus
502 2448 611 2520 flagitiis
630 2447 736 2504 lrorrori
755 2449 882 2506 omnibus
903 2448 972 2506 adeo
992 2449 1052 2517 luit,
1073 2458 1104 2506 ut
1155 2448 1259 2505 istm.
1275 2448 1368 2517 Geeit,
1396 2465 1455 2522 cap.
1471 2449 1564 2516 6,ιιι.
1589 2447 1953 2524 5),ιιι1)ιιίιιιιιιιιπιιςι·

172 2569 176 2577 ι
296 2551 396 2598 cuneta
417 2539 479 2612 eius
499 2548 671 2595 monumenta
697 2540 792 2596 abrasa
821 2540 974 2612 abolitoque
992 2540 1101 2597 inerint.
1155 2548 1229 2597 tores
1243 2547 1272 2596 et
1284 2547 1413 2612 patronos
1427 2539 1579 2606 sententie,
1596 2553 1675 2611 quam
1689 2541 1748 2612 ipso
1760 2540 1846 2599 adbuc
1859 2543 1959 2599 oonilr·

295 2633 366 2692 llam
379 2651 394 2691 a
408 2644 514 2702 senatu,
527 2642 558 2692 ut
570 2636 609 2690 ait
621 2632 778 2703 Suetonius,
794 2633 880 2691 bostis
893 2634 1015 2706 publicus
1024 2633 1100 2706 judi·
1154 2639 1220 2698 mat,
1237 2630 1275 2687 oti
1289 2646 1322 2688 er
1335 2630 1510 2704 sequentibus
1523 2629 1643 2687 articulis
1657 2630 1768 2702 patebit.

297 2734 377 2782 catus
387 2734 440 2793 est,
455 2726 586 2798 moreque
599 2726 733 2797 majorum
747 2725 900 2795 puniendus
916 2725 1038 2800 (Sueten.
1053 2725 1099 2781 til.

296 2811 343 2881 ut,
359 2817 387 2870 ιιι
403 2814 454 2872 ttr.
469 2814 591 2883 Neronia,
604 2815 619 2889 ᾖ
632 2815 689 2888 lb).
705 2817 735 2872 ln
746 2816 839 2873 ilionis
849 2815 974 2888 lipitome
987 2816 1101 2887 legimus

297 2917 314 2959 a
326 2903 457 2961 militibus
464 2907 653 2972 comminutas,
666 2905 807 2962 etdirutas
813 2906 874 2978 ejus
883 2914 985 2963 statuas
994 2905 1098 2979 (bran,
1154 2881 1317 2956 Eillidiii
1327 2892 1414 2938 utrum
1425 2881 1530 2938 ”liiii
1544 2882 1666 2939 “filiii
1679 2883 1825 2940 “timim
1835 2885 1958 2957 filiiflii

297 2974 1960 3071 uwmmmffiwwwmwmmm

297 3093 354 3149 tor,
367 3085 400 3140 iis
418 3100 465 3157 per
475 3085 570 3143 urbem
582 3087 677 3158 raptis,
692 3088 719 3142 in
741 3087 800 3145 loro
813 3087 926 3145 obrutus
937 3097 1100 3163 necatusque
1191 3068 1258 3139 ‘lib
1272 3065 1314 3122 *Μ
1327 3075 1440 3133 illimis
1455 3064 1560 3121 imbrem
1575 3081 1627 3121 '⁸⁰¹¹
1637 3065 1689 3121 rim
1701 3080 1793 3136 'iiiii’
1803 3066 1959 3123 sarmatan

296 3173 349 3231 luit
360 3172 559 3247 (Ptmnrct,‚tn
577 3174 634 3231 Vtra
646 3175 745 3245 calpa,
756 3177 887 3250 pquq),
1191 3154 1246 3212 Deo
1267 3154 1468 3228 impetraverint,
1495 3172 1526 3210 uc
1546 3157 1673 3227 quoarodu
1692 3154 1784 3210 iisdem
1807 3155 1958 3212 ιιιίιιιιιιιὶι

335 3267 373 3323 At
382 3267 505 3339 quamuis
515 3267 618 3326 etbnici
631 3270 720 3324 omnia
730 3268 789 3339 ejus
802 3277 861 3324 acta
881 3278 909 3325 et
920 3267 1028 3326 decreta
1040 3269 1103 3342 iure
1190 3263 1279 3353 W
1295 3247 1427 3319 *mmm
1446 3262 1498 3302 Μ
1518 3246 1670 3315 “mm'’
1690 3246 1735 3303 “a
1751 3246 1839 3317 ”mm
1857 3248 1959 3318 αἰψ’·

297 3359 397 3416 merito
409 3358 579 3426 resciderint,
590 3373 665 3416 caeco
674 3368 764 3415 tamen
775 3359 883 3416 illorum
896 3360 924 3416 in
933 3360 1103 3418 Christianos
1191 3348 1261 3395 m·

297 3451 392 3510 lurore
406 3453 506 3512 laetum
519 3462 579 3522 est,
595 3463 633 3523 ιι,
647 3456 727 3510 ermis
741 3454 856 3511 ornatius
867 3499 876 3523 ,
889 3457 976 3513 solum
989 3457 1103 3514 Neronis
1190 3451 1297 3510 artarer
1313 3450 1498 3524 iniustissimis
1512 3452 1692 3523 pessimomm
1705 3451 1898 3523 imperatorum
1917 3448 1957 3509 le·

297 3542 327 3600 in
341 3543 403 3618 illos
415 3542 553 3601 decretum
568 3546 757 3615 permanserit.
779 3545 832 3603 Sed
852 3546 1034 3605 Tertullianus
1052 3563 1101 3605 eo·
1153 3545 1232 3619 gibus
1251 3544 1284 3602 ad
1304 3544 1469 3602 christianos
1482 3543 1714 3601 excarnificandos
1726 3558 1761 3600 eu
1773 3544 1875 3615 majore
1892 3557 1956 3616 per·

297 3648 360 3693 rum
381 3634 513 3690 insaniam
530 3633 668 3690 irridendo
682 3635 786 3691 addidit
802 3655 809 3691 ι
824 3636 927 3693 truens
940 3639 1058 3709 quidem,
1074 3649 1102 3694 ιι
1153 3639 1281 3695 versitate
1292 3637 1482 3702 abutebantur,
1493 3637 1797 3707 quoeertimnorerant
1808 3637 1953 3708 langeme-

298 3725 425 3780 disrimite
436 3726 476 3782 sui
489 3721 611 3792 rumoris,
626 3727 677 3782 troc
687 3736 739 3793 est,
754 3736 807 3783 tam
820 3728 953 3801 iniquum,
966 3747 1045 3804 quam
1060 3732 1101 3803 ip-
1153 3729 1236 3788 liores
1257 3729 1341 3806 luisse
1364 3743 1429 3785 suos
1444 3729 1641 3800 imperatores,
1664 3729 1709 3799 qui
1724 3736 1771 3784 aut
1792 3729 1820 3784 in
1843 3728 1950 3785 illorum

297 3816 379 3873 simet
394 3814 478 3886 impio
490 3814 601 3880 Neroni,
614 3826 644 3872 et
652 3816 712 3872 aliis
724 3817 845 3875 nelaudis
857 3820 917 3890 ejus
927 3819 1006 3879 lactis
1015 3838 1048 3879 ae
1058 3823 1100 3880 le·
1152 3822 1265 3894 qratiam
1278 3820 1525 3889 leceruntdeereta,
1536 3831 1582 3878 aut
1590 3837 1684 3879 eorum
1698 3821 1819 3880 lautores
1831 3821 1949 3891 luerunt,

296 3908 376 3982 gibus
389 3906 479 3964 simile
493 3909 553 3964 luit.
1152 3923 1182 3971 et
1199 3913 1367 3972 delensores.
1395 3913 1553 3971 Nominibus
1576 3924 1668 3972 autem
1690 3914 1747 3971 suis
1771 3914 1954 3973 Tertullianus

1459 2781 1606 2826 turturibus
1624 2783 1653 2824 ll.

335 4001 511 4074 Prosequitur
533 4000 718 4057 Tertullianus
737 4022 744 4058 ι
762 4003 912 4060 Tentarcrat
926 4017 951 4063 et
968 4005 1099 4066 Domitia·
1151 4005 1213 4062 iilos
1226 4006 1354 4076 appellat,
1369 4006 1416 4063 sed
1432 4022 1486 4062 non
1505 4015 1613 4064 serrato
1632 4007 1844 4079 uniuscujusque
1866 4008 1955 4065 eram
2049 4009 2056 4021 '

296 4107 357 4157 rtur,
373 4092 456 4162 portio
473 4090 584 4147 Neronis
598 4091 861 4160 retrocederent
875 4098 1101 4173 quaetlotttosa·
1152 4097 1256 4156 ordine.
1285 4096 1481 4156 Orditurenim
1501 4097 1620 4155 allaroo
1633 4098 1762 4167 Aurelio,
1782 4114 1863 4171 quem
1873 4099 1954 4157 etad·

297 4181 347 4236 cite
359 4189 469 4251 creptum
481 4183 618 4253 repressit,
635 4184 756 4239 restitutis
770 4184 856 4252 etiam,
873 4189 1101 4261 quos‘retegaoerat
1151 4191 1299 4247 atianururn
1321 4199 1490 4264 protectorem
1511 4191 1595 4246 tuisse
1614 4198 1761 4246 asseverat
1785 4190 1842 4249 Noc
1863 4190 1954 4259 ultas,

295 4271 474 4344 (Tarntttan,
490 4273 635 4345 lpotopet„
647 4291 705 4348 cap.
720 4277 748 4342 5,
771 4294 800 4349 p.
817 4277 899 4349 dliii.
919 4279 1021 4336 Cuncta
1035 4295 1101 4340 reru
1150 4282 1248 4354 iuquit,
1262 4298 1381 4355 unquam
1406 4282 1565 4339 ditdtebitur
1581 4300 1589 4337 :
1607 4282 1638 4340 Si
1653 4282 1745 4339 littere
1759 4281 1830 4340 illias
1852 4284 1956 4354 ιιιιὶι-

297 4363 360 4423 baec
372 4364 453 4423 uerba
467 4380 556 4437 grace
576 4366 680 4423 seddim
695 4368 827 4425 Eusebius
846 4371 949 4438 retulit,
964 4372 1100 4445 aliumque
1150 4378 1210 4434 simi
1221 4378 1384 4450 imperatoris
1398 4377 1572 4450 requirantur,
1582 4377 1673 4448 quibus
1692 4375 1765 4431 ittam
1782 4375 1955 4447 persuasisses

294 4465 394 4514 testem
403 4456 665 4531 eitatlilegesippum,
676 4460 722 4530 qni
736 4463 873 4518 memoria
884 4462 994 4520 tradidit
1004 4465 1136 4564 Domi-D
1150 4472 1236 4539 sitm,
1253 4471 1452 4527 cirrirtiunorron
1463 4471 1529 4540 [orte
1542 4470 1651 4525 mititem
1669 4470 1857 4540 precationibus
1870 4470 1954 4541 inape·

297 4549 415 4618 tianum,
432 4558 573 4622 postquam
588 4550 732 4607 rronrrullos
744 4551 845 4610 Christi
857 4565 986 4626 cognatos
999 4556 1034 4613 de
1046 4573 1096 4613 sua
1148 4572 1215 4618 trato
1225 4563 1320 4630 inrlrri,
1340 4562 1481 4618 discussum
1500 4571 1655 4619 eontesmtrrr
1664 4560 1845 4634 (Tertulliano,
1856 4564 1953 4634 Apate-

294 4642 400 4715 origine
414 4651 443 4700 et
463 4643 585 4715 ejusdem
605 4643 704 4700 Christi
718 4662 801 4717 regno
815 4648 1018 4720 interrogasset,
1030 4650 1097 4707 tribii
1147 4664 1211 4727 get,
1226 4671 1284 4726 rap.
1295 4653 1441 4725 eptas).
1455 4653 1565 4711 Certum
1577 4655 1697 4725 quidem,
1711 4669 1744 4711 ac
1754 4655 1876 4712 unaoimi
1888 4671 1950 4713 om·

295 4732 428 4791 adrassus
438 4748 486 4790 eos
498 4734 625 4791 statuisse
637 4738 769 4807 asperius,
779 4736 827 4794 sed
839 4740 1095 4812 dimisisseliberos,
1147 4747 1240 4815 nium,
1255 4748 1312 4803 aire
1334 4746 1485 4819 gentilium,
1510 4749 1568 4804 aire
1587 4746 1796 4804 christianornm
1816 4762 1952 4807 comeusu

295 4839 330 4882 ac
344 4826 429 4883 misso
441 4826 531 4883 edicto
540 4827 740 4899 compescuisse
754 4842 916 4888 commotam
930 4835 958 4889 iu
969 4833 1096 4892 christia·
1147 4842 1288 4913 probatum
1306 4851 1349 4900 eat
1362 4841 1420 4898 baec
1436 4842 1599 4914 contigisse,
1617 4857 1678 4899 cum
1699 4842 1806 4901 ilarens
1821 4842 1952 4900 Aurelius

295 4930 340 4973 ttae
368 4917 507 4990 religionis
529 4927 679 4976 sectatores
693 4962 701 4988 ,
716 4923 933 4991 persecutionem
947 4944 954 4980 ι
967 4936 1097 4986 serenab-
1146 4934 1277 4992 aduersus
1290 4934 1440 4992 Germanos
1457 4949 1489 4990 ae
1506 4934 1644 4992 Sarmatas
1669 4944 1847 5007 pugnaturus,
1861 4935 1952 4994 scien

294 5033 338 5064 ἀ’
353 5014 395 5066 ὅθ
416 5018 600 5083 ιιιπῑιιιτιι
617 5023 659 5070 τὸν
676 5018 741 5069 κατὰ
767 5031 810 5078 τις
835 5006 970 5083 ἐκκλησίαις
995 5025 1097 5091 διωγμόν
1146 5025 1302 5084 instrueret.
1318 5025 1386 5083 Tum
1409 5026 1509 5100 quippe
1521 5025 1580 5097 eius
1604 5026 1714 5094 milites,
1734 5027 1780 5098 qai
1794 5027 1838 5083 siti
1850 5039 1951 5083 coeca·

293 5100 422 5170 (ΕΜ,
435 5103 480 5158 lll-
500 5101 545 5159 ΙΙΙ·
564 5101 665 5160 Eilllt·
694 5104 815 5172 ¹¹5⁸qu
830 5125 890 5181 cap.
903 5109 950 5180 2⁰,
970 5131 999 5185 tt·
1025 5114 1092 5187 90).
1146 5118 1259 5187 bantur,
1279 5121 1423 5190 impetrato
1437 5118 1544 5175 cmlittrs
1559 5117 1656 5184 imbre,
1671 5117 1784 5175 recreati
1805 5123 1878 5172 suat
1893 5115 1951 5174 Sed

291 5191 417 5267 lienique
429 5194 463 5251 de
477 5202 590 5266 utroque
605 5193 757 5253 Domitiano
783 5208 811 5256 et
834 5199 941 5259 Nerone
966 5202 1025 5262 bac
1037 5195 1116 5262 du?
1145 5210 1294 5269 indubium
1309 5211 1408 5283 aliquis
1419 5209 1526 5268 uocabit
1536 5221 1626 5267 utrum
1638 5210 1808 5268 ethnicorum
1817 5206 1860 5266 rel
1871 5205 1950 5265 obri·

292 5293 353 5342 etur
377 5295 470 5345 noster
491 5286 589 5359 adjecit
605 5306 612 5342 ε
628 5287 703 5345 Tales
727 5307 826 5361 semper
848 5295 920 5351 uotis
940 5295 1095 5357 insecutores
1144 5303 1294 5360 stianorom
1312 5302 1437 5373 precibus
1448 5306 1574 5360 obtentus
1583 5301 1675 5360 luerit.

290 5375 394 5447 iniusti,
409 5377 494 5449 impii,
509 5386 606 5448 turpes,
620 5396 682 5451 quor
694 5390 718 5437 et
731 5382 792 5454 ipsi,
808 5398 856 5441 ros
876 5386 1001 5458 gentiles,
1015 5389 1091 5446 dam·
1181 5393 1275 5451 Plures
1299 5408 1416 5465 namque
1437 5397 1584 5465 scriptores
1607 5392 1708 5452 ethnici
1733 5392 1807 5452 lrnnc
1832 5392 1950 5450 imbrem

290 5484 355 5525 rrare
365 5470 513 5536 mamertia,
533 5472 653 5542 aquilus
666 5474 801 5532 damnator
811 5479 942 5534 restituere
954 5482 1023 5538 soliti
1032 5484 1094 5541 estis
1143 5487 1292 5560 precationi
1307 5487 1453 5559 pietatique
1473 5485 1596 5560 eiusdem
1618 5486 1791 5558 imperatoris
1805 5494 1948 5556 acceptum

289 5561 467 5634 (stillum-2
483 5564 560 5635 itit.)
1143 5580 1276 5638 relerunt.
1291 5579 1399 5638 Primos
1412 5589 1501 5639 autem
1517 5596 1552 5638 ex
1571 5581 1630 5638 lstls
1642 5580 1763 5639 occurrit
1776 5579 1855 5637 uobis
1864 5577 1948 5651 capt·

286 5705 298 5729 ,
324 5656 436 5717 Frustra
449 5673 515 5732 ergo
528 5674 561 5720 ac
580 5675 693 5732 prorsus
712 5662 804 5736 inepte
818 5663 899 5724 iidem
911 5667 1026 5739 gentiles
1041 5684 1091 5730 co·
1142 5670 1262 5745 tolirms,
1282 5673 1360 5746 cujus
1379 5671 1438 5733 brec
1452 5680 1516 5733 aunt
1531 5671 1566 5732 de
1587 5671 1635 5731 illo
1656 5671 1739 5732 rerba
1752 5690 1760 5729 ε
1774 5670 1887 5731 ratores
1913 5672 1948 5730 rte
