4242 6259
171 239 244 337 taso
804 274 905 335 tiana
925 274 949 335 n
972 275 1021 337 ao
1038 276 1196 338 uuonan.
1754 282 1827 342 sano

171 397 247 451 torte
265 389 401 464 adempto,
425 386 584 448 mnndum
598 386 643 459 sit,
666 396 697 447 nt
715 389 790 462 potui
808 400 969 464 prosecutus
981 394 1010 457 Α
1022 409 1079 450 rare
1098 391 1121 467 (1
1133 389 1265 462 Cor.,iil,
1277 391 1366 465 'thile
1381 393 1508 453 nubendo
1518 409 1583 454 vero
1592 396 1619 454 in
1626 396 1752 466 homino,
1761 415 1824 458 cum

171 499 243 542 suna.
253 482 331 542 Nunc
342 476 624 541 adsecundaconsiiia
634 489 833 551 convertamur,
847 493 973 557 respectu
1024 487 1090 545 dicit
1100 487 1250 543 :tantarum
1261 484 1449 559 [lamoniam
1461 489 1617 547 nonsuadet
1630 532 1639 559 ,
1650 489 1698 548 sed
1712 502 1822 550 exserte
1884 536 1886 539 >

172 565 478 643 huntauaeiniirmitatis,
489 574 666 648 quarumdam
680 574 813 648 exemplis
822 573 972 644 admonen-
1022 580 1109 653 jubet.
1122 579 1205 652 igitur
1217 580 1246 637 in
1258 580 1308 638 ista
1320 581 1441 639 maxime
1455 583 1557 653 specie,
1573 583 1626 640 nisi
1640 583 1824 656 obsequimur,

172 668 255 740 tibus,
277 684 337 741 quae
357 668 474 725 divortio
498 666 539 742 (o)
564 666 608 726 vel
627 668 715 725 mariti
735 684 858 739 εεεεεειι,
882 669 972 726 oblata
1023 673 1221 747 periclitamur,
1234 674 1297 745 qnia
1305 687 1413 731 suasum
1422 675 1532 747 impune
1540 674 1603 746 qnid
1613 675 1826 749 negligas,quam

173 761 346 819 eorrtiuentiae
360 761 512 828 occasione,
528 776 581 818 noa
599 762 681 819 modo
702 761 860 834 abiecerunt
871 777 971 835 oppor·
1022 766 1129 839 jussum
1144 768 1198 842 (3),
1212 767 1359 841 quediliud
1371 769 1406 827 de
1417 771 1531 827 oonsilio
1543 768 1636 829 veniat
1653 779 1682 827 ct
1694 771 1827 830 voluntati

171 855 313 913 turritateun
327 853 481 921 uahboni,
494 853 542 913 sed
563 869 599 913 ne
612 855 640 911 in
663 853 789 914 nubendo
802 856 841 928 (i)
863 855 972 928 quidem
1025 869 1201 933 proponatur,
1223 860 1275 918 lroo
1296 871 1387 920 autern
1414 861 1449 920 de
1469 871 1602 933 potestate
1624 861 1771 921 descendat
1797 873 1826 921 et

170 961 279 1005 rursum
287 945 437 1020 disciplinas
447 946 605 1005 meminisse
615 946 768 1017 voluerunt,
781 958 810 1006 ut
823 950 851 1004 in
860 947 973 1007 Donrino
1024 952 1179 1010 necessitati
1202 952 1347 1026 obligetur,
1370 954 1426 1013 illic
1445 954 1565 1026 libertas,
1589 955 1634 1014 hie
1657 955 1826 1016 contumacia

172 1039 332 1112 pothdmum
351 1036 475 1095 nuberent
497 1037 508 1113 (
524 1035 625 1110 idom,
636 1038 691 1108 Vll,
707 1038 743 1098 39
756 1038 776 1114 ).
792 1037 884 1113 ltaque
907 1040 974 1098 ntihl
1025 1045 1183 1122 delinquere
1195 1048 1328 1107 uideatur.

124 1168 127 1173 -
169 1132 299 1190 contusus
313 1140 356 1190 cst
369 1129 485 1201 animus,
499 1133 595 1203 nequi
614 1147 701 1205 nuper
718 1140 745 1191 te
767 1134 803 1191 ad
824 1135 975 1226 univiratus
1345 1182 1460 1244 CAPUT
1479 1185 1513 1242 u·

170 1234 199 1283 ει
212 1222 348 1282 viduitatis
361 1225 588 1297 perseverantiam
602 1227 725 1283 irortatas
737 1239 888 1296 sumnum
895 1242 975 1285 men·

171 1321 244 1376 tione
255 1315 294 1392 (c)
309 1317 648 1391 nuptiarum,proclivium
663 1319 710 1378 tibi
725 1319 833 1378 labendi
845 1321 880 1378 ab
894 1321 973 1377 aitio-
1062 1317 1147 1391 igitur
1167 1333 1230 1377 cum
1256 1320 1379 1393 quaedam
1403 1321 1463 1378 istis
1476 1322 1571 1380 diebus
1586 1325 1692 1397 nuptias
1708 1339 1771 1384 suas
1783 1325 1818 1386 de

125 1445 132 1466 a
170 1411 247 1469 rihus
261 1412 367 1468 luciam.
379 1410 457 1481 Quod
470 1413 493 1469 si
508 1413 612 1486 integre
624 1412 696 1486 sapis
710 1412 764 1487 (rt),
777 1423 853 1473 certe
873 1418 927 1474 seis
946 1414 974 1473 id
1026 1410 1149 1470 Ecclesia
1164 1411 1281 1483 tolleret,
1298 1412 1324 1470 id
1338 1423 1389 1484 est,
1402 1415 1496 1487 gentili
1508 1417 1728 1503 coniungeretur,
1742 1422 1825 1494 idque

170 1501 332 1561 servandum
358 1502 405 1561 tibi
431 1517 503 1573 esse,
519 1503 591 1576 quod
616 1505 654 1563 sit
675 1504 793 1564 udins..
808 1507 885 1577 Quod
908 1522 973 1566 vero
1025 1504 1060 1562 ab
1073 1505 1132 1562 aliis
1145 1511 1219 1562 retro
1232 1504 1331 1563 iactum
1344 1507 1513 1579 recordarer,
1524 1509 1694 1569 miratusant
1707 1514 1829 1586 ipsarum

170 1593 280 1652 diibcile
300 1602 352 1662 εει,
378 1604 406 1653 ει
420 1611 474 1653 aon
486 1595 547 1655 aine
561 1598 767 1657 necessitatibus
780 1609 808 1658 ει
819 1600 872 1658 boc
886 1602 974 1659 inaxi-
1025 1598 1481 1670 petulantiamautconsiliariorum
1489 1605 1830 1680 praevaricationemqnou

171 1686 420 1759 mu'mpropositutu
432 1688 496 1745 vitas
508 1690 628 1762 supremi
637 1691 754 1764 praesidii
775 1691 828 1769 (Ι).
838 1692 895 1752 Νεε
906 1694 972 1752 milri
1025 1691 1097 1748 nulla
1111 1691 1245 1764 scriptura
1257 1693 1318 1765 eius
1327 1691 1392 1751 laeti
1403 1694 1538 1752 licentiam
1551 1695 1663 1768 prolcrt.
1677 1699 1825 1772 Numquid,

169 1779 205 1837 de
219 1778 273 1836 isto
285 1793 394 1853 qnoque
406 1778 542 1840 referendi
563 1782 598 1841 ad
616 1792 642 1842 ιε
655 1798 760 1843 caussae
778 1785 903 1857 luissent,
920 1787 972 1845 nisi
986 1785 1010 1845 Β
1024 1783 1146 1856 inquam,
1168 1784 1204 1843 de
1217 1786 1264 1843 illo
1275 1787 1393 1858 capitulo
1413 1788 1464 1846 sibi
1482 1787 1656 1848 blandiuntur
1683 1793 1779 1864 prime
1791 1794 1827 1852 ad

170 1869 324 1943 graviorem
347 1885 437 1930 meam
460 1871 503 1947 (i)
523 1873 732 1934 sollicitudinem
751 1878 974 1951 comprehendis·
1023 1878 1179 1937 Corinthios
1192 1880 1648 1957 (icor.,iil,l2·iii,ubiseriptum
1661 1888 1830 1961 esttsiquir

170 1977 239 2019 sem.
255 1962 324 2020 Nam
336 1972 437 2036 quanto
448 1965 558 2036 grandis
567 1975 611 2025 est
622 1971 789 2029 continentia
802 1972 903 2042 carnis,
912 1989 973 2045 quae
1025 1973 1107 2046 frater
1120 1971 1160 2044 (t)
1174 1973 1306 2042 irpidetem
1327 1972 1402 2030 hoho
1421 1984 1577 2044 uxoremst
1596 1979 1644 2034 itia
1663 1982 1827 2040 mmrirroaio

171 2054 329 2114 viduitatem
357 2057 516 2126 ministrat,
544 2068 639 2130 tanto,
666 2063 689 2119 si
715 2079 769 2120 uon
796 2065 972 2136 sustineatur,
1024 2066 1159 2133 comentit,
1182 2082 1215 2122 ne
1239 2067 1349 2122 dimittat
1375 2084 1449 2135 eom:
1473 2070 1591 2127 steriliter
1611 2072 1704 2130 mulier
1727 2074 1825 2148 fidelis,

172 2148 340 2221 ignoscibilis
351 2148 436 2206 videri
449 2159 553 2223 potest;
568 2151 717 2212 diiticiliunt
742 2156 814 2212 enirn
832 2155 920 2214 incilia
933 2168 976 2215 εει
1025 2155 1128 2226 infideli
1144 2166 1235 2229 nupta,
1248 2158 1271 2214 ui
1284 2168 1481 2217 comeatoaeum
1499 2160 1540 2235 (5)
1552 2164 1673 2220 maritum
1685 2168 1825 2239 aperitur,

174 2239 264 2297 uenia.
278 2239 385 2312 Quanto
398 2249 489 2298 autem
506 2242 609 2301 nubere
622 2244 650 2301 in
665 2245 780 2303 Domino
792 2247 974 2319 perpetrabile
1025 2263 1057 2305 tte
1071 2249 1195 2305 diarrirerit
1208 2265 1278 2316 eum·
1291 2251 1469 2321 sanctificatur
1480 2255 1547 2310 enim
1555 2255 1668 2326 ntuetr
1676 2259 1715 2314 rir
1726 2276 1743 2316 o
1754 2260 1827 2330 fideii

171 2338 226 2398 εει,
249 2330 289 2386 uti
312 2340 414 2388 nostro
428 2333 580 2404 potcstatis,
596 2341 672 2393 tanto
691 2337 851 2408 culpabilius
866 2347 974 2396 estam
1026 2357 1106 2399 uxore
1132 2350 1157 2398 et
1181 2341 1294 2412 inienio
1323 2359 1390 2399 uuor
1413 2360 1432 2398 o
1459 2345 1531 2415 fideii
1564 2347 1677 2417 morito,·
1704 2337 1827 2411 ceterum

172 2422 316 2481 obsecrare
330 2422 402 2496 quod
414 2426 512 2495 possis.
525 2426 565 2484 En
579 2428 974 2502 acceditquoutpoatotnsuo
1026 2433 1154 2509 innuendi
1181 2443 1263 2491 esrem
1287 2435 1337 2506 ilii
1363 2437 1449 2493 uestri.
1478 2437 1553 2496 lianc
1583 2442 1759 2502 monitionem
1784 2447 1828 2521 (6)

173 2513 262 2571 viduis
274 2513 383 2586 quidem
396 2523 424 2572 ει
434 2515 565 2587 innuptis,
581 2527 611 2573 ut
621 2518 657 2574 ita
667 2531 853 2592 permaneant,
866 2521 973 2593 suadet,
1024 2522 1082 2582 lora
1104 2524 1140 2583 de
1160 2523 1285 2584 fidelihus
1299 2527 1401 2599 iunctis
1425 2527 1465 2601 (7)
1495 2530 1653 2603 simpliciter
1670 2536 1825 2610 intelligen-

171 2618 234 2663 cunt
248 2604 314 2663 dicit
330 2623 338 2663 c
353 2603 436 2678 dupio
450 2616 536 2665 autent
550 2623 638 2666 omnes
655 2624 711 2667 meo
730 2612 846 2683 eeemplo
861 2628 976 2684 percece-
1026 2615 1062 2672 do
1095 2615 1136 2689 (8)
1165 2625 1259 2689 putent
1275 2617 1315 2692 (9)
1341 2621 1423 2679 etiam
1449 2623 1603 2683 inlidelihns
1636 2627 1738 2687 nubere
1758 2629 1826 2688 lice·

530 2779 533 2786 ,
773 2724 964 2785 Lectiones
982 2726 1191 2788 YdehNTES.

189 2806 242 2882 ,Ul
253 2809 341 2883 iocum
351 2814 492 2899 cerrupttan
502 2822 516 2862 e
527 2812 583 2864 cod.
602 2812 732 2879 agobardi
740 2811 973 2892 siclreatitnimeribi
1023 2831 1062 2872 su.
1074 2821 1378 2934 lmpiquidemnegilgas,
1390 2830 1535 2895 neququam
1547 2834 1653 2898 jussum.
1711 2875 1716 2886 .

94 2921 99 2927 ,
173 2870 513 2945 ammanuensium
523 2879 694 2941 mentnupe,
714 2876 857 2941 proclinum
873 2881 919 2930 tubi
932 2894 973 2933 ca·
1070 2883 1085 2931 t
1130 2894 1164 2949 (ι).
1177 2884 1288 2938 iratrum.
1511 2925 1513 2928 .

173 2932 248 2985 vendi
258 2933 407 2985 mueronem
419 2934 513 2985 iactam
526 2934 596 2996 Quod
607 2936 629 2986 sl
639 2938 659 2987 i.
668 2951 701 3001 s.,
712 2945 782 2990 certe
792 2939 859 2991 istud
870 2954 974 2993 seruan-
1070 2945 1086 2994 b
1106 2945 1160 3012 iiip.
1173 2952 1197 2998 et
1212 2949 1282 3000 Pon
1294 2960 1496 3017 comntaneum,
1508 2958 1580 3009 serni
1589 2968 1765 3016 mesentaneu.

173 2994 275 3046 dumibl
286 3007 352 3059 esse,
371 2995 437 3060 quod
447 2999 480 3048 sit
489 2997 583 3051 utilius.
594 2997 665 3060 Quod
682 3026 713 3039 -
724 3013 825 3054 necess.
846 3001 893 3055 boc
906 3017 973 3058 max.
1071 3006 1088 3055 6
1111 3007 1242 3061 iiotiooem
1253 3009 1294 3061 ed.
1303 3013 1327 3063 1.
1339 3012 1416 3067 aher.

173 3069 244 3168 prop.
260 3059 318 3110 vitae
337 3057 478 3112 mbresedi.
772 3111 778 3124 ,
1070 3069 1085 3119 i
1109 3069 1220 3123 laventis
1229 3071 1307 3126 auen.
1318 3075 1435 3138 injunctis
1444 3088 1520 3134 Frnrn
1533 3084 1595 3135 Por.

205 3093 343 3245 witti·
353 3121 379 3170 ¹1¹
391 3132 431 3171 ea
1071 3131 1087 3181 ε
1106 3131 1298 3198 rnrerngenaun
1309 3136 1382 3190 san.

216 3183 231 3232 a
256 3181 317 3235 con.
341 3177 466 3234 mnam
480 3193 490 3235 .·
503 3183 561 3247 qua
578 3187 629 3235 tan
646 3195 745 3236 omnm
756 3193 807 3260 epe.
819 3185 875 3256 nep.
895 3172 975 3256 :nun
1071 3192 1086 3244 a
1108 3194 1296 3262 nrengenoan
1306 3208 1397 3265 mrsu
1407 3212 1483 3257 ram.
1494 3205 1578 3261 enm.

172 3256 241 3296 suas.
261 3243 390 3309 imponis
406 3257 440 3297 ne
476 3251 528 3310 gut,
542 3253 591 3299 etc.
604 3235 1012 3319 Μαεεεεεειῠειιάειπεᾳιιιεῦ

852 3336 1132 3403 ΕΟΜΜΕΝΤΑΒΙΠὸ.

174 3423 276 3479 enima
296 3420 332 3478 ud
346 3420 416 3478 hune
428 3429 565 3479 auctorem
585 3421 760 3484 hanevoeem
775 3441 809 3484 eo
821 3440 903 3488 sensu
925 3446 969 3489 re·
1057 3436 1098 3508 (ε)
1115 3435 1158 3495 Ne
1182 3456 1249 3496 nune
1276 3444 1403 3502 omndone
1427 3452 1575 3521 nuptiarum
1600 3459 1751 3527 proclivium
1776 3468 1823 3523 ribi

102 3510 105 3515 ¹
176 3437 366 3577 portendatur
378 3492 458 3549 etiam
466 3492 612 3550 Christiani
623 3496 708 3579 saneti
718 3496 886 3569 dicebantur,
894 3500 970 3572 jorn
1021 3508 1126 3563 cauendi
1139 3510 1292 3568 oblationem
1311 3517 1417 3586 [asinar.
1432 3520 1484 3589 Qui
1500 3526 1641 3596 superiore
1655 3531 1725 3589 iihsn
1738 3541 1821 3597 amsi

175 3560 241 3620 aliud
255 3563 375 3634 Apostoli
387 3562 398 3619 l
410 3564 485 3644 tion,
500 3562 547 3621 vti
560 3581 568 3619 s
583 3565 680 3638 ottoque
692 3568 745 3637 pilii
758 3571 833 3625 uestri
844 3572 971 3629 immundi
1021 3578 1164 3635 consilinm
1178 3581 1289 3639 dederat
1299 3594 1329 3641 nt
1341 3591 1467 3648 secundus
1480 3597 1581 3665 nuptiis
1592 3601 1739 3661 abstineret
1758 3609 1818 3664 dio.

175 3644 266 3701 erunt,
276 3634 969 3729 ΜΝΘΓΜΜῙΜ·ὃῧῐὶθῑξῑθῑεΰῦὲδίᾸθΙᾸΧῶἳ)
1024 3655 1100 3706 turus
1112 3650 1168 3720 jam
1182 3649 1216 3709 de
1234 3652 1330 3712 iisdem
1355 3662 1466 3731 nuptiis,
1482 3666 1505 3720 si
1520 3666 1547 3721 in
1562 3683 1654 3726 earnm
1670 3649 1818 3736 trecassina.

176 3705 247 3761 idem
263 3704 342 3761 hahet
352 3701 462 3787 :Petrus
472 3705 534 3760 duur
548 3718 712 3777 petransiret
723 3726 862 3779 aaronem,
874 3715 972 3780 deornm
1024 3728 1077 3778 tem
1092 3720 1203 3789 incidat,
1215 3726 1321 3782 nonnisi
1333 3743 1394 3786 erm
1418 3732 1566 3794 christiano
1580 3739 1721 3812 iaciendis,
1731 3755 1821 3810 vereri

175 3776 210 3830 ari
219 3786 319 3831 sanctor
328 3775 522 3845 amitobrtnbnnt
530 3775 672 3860 ipsimet
681 3777 817 3863 diaulus
827 3785 936 3854 iternm;
950 3786 972 3843 ll
1022 3805 1053 3847 sc
1063 3791 1110 3858 ait,
1123 3808 1157 3849 ne
1169 3794 1246 3852 istius
1258 3800 1424 3857 mentrdariae
1434 3805 1630 3869 adhortationis
1641 3813 1807 3890 induigentia

174 3847 209 3902 ad
222 3845 455 3927 Thessalonrcap.
470 3847 480 3901 l
494 3863 501 3901 ε
513 3847 638 3905 Omnibus
651 3867 694 3922 qua
705 3860 764 3907 mrrt
773 3850 864 3910 iiomre
875 3859 971 3915 aarum
1022 3862 1120 3933 prioris
1139 3868 1322 3926 austeritatem
1335 3871 1497 3944 deseruisse,
1517 3887 1564 3936 aut
1580 3882 1615 3939 de
1628 3900 1660 3942 ea
1674 3866 1819 3955 plurimum

174 3918 277 3973 sanetis.
299 3916 467 3973 sanctissimi
484 3933 592 3991 quoque
611 3919 676 4002 olim
694 3921 852 3981 mcebarrtur
871 3930 971 3996 promi·
1022 3934 1160 3991 remisisse
1172 3936 1311 4008 videatur,
1324 3956 1405 4012 quarn
1425 3946 1601 4008 nihilominus
1615 3957 1753 4017 observari
1769 3978 1819 4021 ve.

174 4003 239 4045 seue
258 3987 394 4060 Episcopi,
413 4002 507 4045 verum
529 3987 598 4047 hanc
615 3992 666 4047 srbi
685 4008 719 4048 en
737 3994 894 4066 antiquitate
912 4014 971 4056 ser·
1021 4001 1165 4063 bernenter
1186 4007 1285 4080 cupiat.
1305 4010 1398 4085 ltaque
1416 4017 1481 4072 mihi
1496 4021 1624 4079 contusus
1643 4037 1685 4082 cst
1701 4031 1808 4091 animus

174 4059 275 4114 vatuita
294 4058 465 4141 pollutionem
482 4074 603 4119 summus
615 4061 738 4126 Pontifex
751 4066 836 4123 solus.
850 4067 890 4124 La
902 4084 944 4128 en.
1021 4074 1118 4146 lnquit,
1142 4093 1176 4134 ne
1197 4081 1241 4150 qni
1263 4089 1291 4137 te
1314 4099 1400 4155 nuper
1421 4086 1456 4142 ad
1475 4089 1623 4149 univiratus
1643 4106 1671 4152 et
1684 4078 1819 4162 viduitatis’

211 4072 399 4213 (nlsstoortrh.
413 4201 418 4213 .
432 4129 502 4213 Ergo
531 4147 723 4216 nonnunquam
756 4136 838 4194 etiarn
867 4154 966 4199 uxores
1019 4149 1246 4229 perseverantiam
1260 4151 1381 4211 hortatus
1390 4171 1461 4223 surra,
1473 4173 1545 4214 nunc
1559 4167 1696 4226 mentione
1712 4175 1818 4244 nuptia-

172 4198 339 4267 olvrasnanm,
358 4215 483 4272 conjugio
496 4216 544 4272 per
559 4203 704 4287 dirmetum
718 4205 823 4276 sotum,
845 4224 898 4266 nort
916 4227 967 4268 ea·
1018 4232 1079 4271 rum
1102 4219 1252 4289 proeliorum
1271 4221 1316 4276 tibi
1335 4223 1436 4279 iubendi
1449 4227 1480 4281 ni
1498 4228 1632 4291 altioribus
1652 4239 1755 4307 [ruciam.
1771 4246 1818 4305 sie

174 4279 296 4342 spectato
310 4271 400 4328 mariti
412 4285 537 4353 excessu,
551 4273 630 4329 altera
644 4283 757 4342 nuptum
777 4277 861 4333 ibunt.
875 4281 967 4352 ltaque
1019 4287 1152 4343 editiones
1168 4288 1287 4346 Rhenani
1303 4301 1330 4346 et
1343 4293 1464 4352 Pameiii.
1484 4299 1519 4355 At
1532 4301 1600 4361 liber
1614 4309 1749 4379 agobardi
1769 4333 1818 4374 ex·

174 4357 228 4398 nou
249 4351 327 4398 erant
345 4340 423 4396 unlus
442 4355 492 4394 utrt
515 4356 623 4398 uxores.
643 4342 698 4398 Sed
721 4359 771 4399 nee
791 4360 868 4402 erant
887 4354 967 4408 unius
1019 4365 1131 4410 tremam
1144 4357 1291 4415 clausulam
1304 4364 1415 4421 exhibet
1427 4369 1516 4425 uerbis
1529 4375 1563 4429 ad
1577 4375 1733 4440 Tertulliani
1754 4401 1817 4445 sen.

173 4412 266 4468 uxoris
277 4412 340 4477 viri,
352 4411 399 4481 qui
417 4410 554 4480 repudiata
571 4412 684 4494 conjuge
698 4413 810 4471 alteram
823 4417 965 4477 duxerant.
1019 4439 1079 4480 snm
1093 4427 1256 4498 aptioribus,
1272 4434 1524 4505 reparamentum
1542 4450 1648 4503 camp,
1661 4453 1815 4515 ,ΝΜ-Μ

174 4481 333 4553 hujusmodi
348 4495 471 4550 personae
491 4495 527 4564 ex
542 4482 663 4565 hpostnit
678 4488 810 4567 sententia
829 4490 968 4547 ordinibus
981 4517 1008 4578 D
1020 4497 1124 4567 faciant.
1142 4500 1192 4553 hoc
1205 4510 1257 4567 est,
1272 4518 1306 4559 ne
1319 4506 1418 4563 atriatiu
1430 4513 1541 4569 cauendi
1555 4518 1590 4572 sit
1603 4519 1649 4575 tibi
1663 4525 1738 4580 velot
1753 4544 1816 4597 pro·

173 4554 231 4610 sive
244 4550 392 4609 bonoribus
410 4552 600 4636 scelestasttcts
608 4568 697 4636 minus
709 4553 813 4614 habiles
822 4560 970 4617 remeban-
1020 4568 1140 4623 clivium·
1157 4568 1272 4639 hiereos,
1286 4574 1381 4648 inquit,
1398 4594 1432 4636 ne
1447 4585 1548 4641 mentio
1564 4587 1615 4645 ista
1634 4596 1813 4657 secundarum

174 4635 237 4691 tur,
253 4634 284 4681 ut
306 4622 422 4705 exempli
445 4637 499 4705 non
513 4633 580 4680 satas
594 4632 689 4695 tntogrt
711 4641 762 4684 nec
783 4634 967 4712 temperantis.
1020 4639 1172 4708 nuptiarum
1187 4642 1222 4698 sit
1232 4643 1331 4704 ablatio
1343 4649 1541 4727 prohibitionis,
1551 4670 1631 4732 atque
1644 4663 1707 4722 inde
1719 4668 1753 4724 ad
1768 4687 1816 4728 se.

173 4694 310 4765 hammon
324 4695 427 4765 iegibus
436 4702 516 4750 venta
527 4709 580 4750 non
591 4706 682 4752 essent
693 4703 866 4780 eacongugia,
878 4712 967 4762 tamen
1019 4709 1121 4765 ourrdas
1146 4713 1252 4783 nuptias
1273 4716 1326 4773 iter
1353 4720 1380 4776 ia
1405 4724 1525 4792 procliui.
1550 4730 1708 4792 i’roclivium
1734 4737 1800 4797 dicit

173 4766 294 4836 expertia
315 4763 406 4836 probri
429 4779 483 4820 non
508 4774 596 4832 cmvii,
608 4767 803 4851 ‘nectlcitclter
826 4773 966 4831 ecclesiam
1019 4779 1125 4837 labendi
1149 4784 1306 4855 periculum,
1326 4790 1399 4862 quod
1416 4808 1481 4851 sanc
1497 4803 1646 4870 promptius
1659 4813 1737 4864 estin
1751 4784 1813 4882 pro:

162 4845 296 4895 ,recturus
310 4836 464 4903 videbatur,
479 4837 522 4918 eui
538 4837 700 4920 tantnnrnielra
712 4840 866 4913 eonjugium
878 4859 968 4903 cesso·
1017 4850 1090 4906 clivi.
1112 4852 1234 4911 Procliue
1247 4867 1346 4930 autem,
1367 4877 1415 4919 seu
1437 4869 1605 4941 proclivium,
1626 4874 1684 4933 lieri
1708 4881 1814 4942 uidetur

172 4907 292 4965 mizaut
311 4922 405 4979 parum
426 4907 664 4978 plebtchrtsttunse
678 4916 967 4972 servaturnsbenevo·
1017 4921 1152 4982 ablatione
1175 4928 1307 4998 cavendi,
1333 4936 1439 5002 quoties
1468 4940 1627 5000 anieruntnr
1651 4949 1742 5007 obices
1767 4964 1814 5011 aur

172 4979 262 5037 lentie
276 4978 367 5045 iidem,
376 4993 456 5058 quam
466 4978 573 5062 conjugi
586 4981 696 5063 minime
708 4996 869 5066 sacraverat.
880 4985 970 5062 Chry·
1018 4993 1200 5063 preciduntur
1210 5013 1299 5068 ansae,
1311 5006 1408 5074 quibus
1422 5010 1595 5081 apprehensis
1608 5022 1695 5076 caveri
1709 5025 1815 5094 potuis·
1876 5067 1877 5070 ,

172 5050 284 5108 sostomi
297 5049 379 5106 uerba
393 5058 465 5114 sunt,
481 5050 557 5107 Pauli
569 5051 603 5108 ad
614 5051 704 5108 Tutum
720 5053 868 5124 Epistulam
883 5059 967 5116 inter·
1018 5074 1069 5122 set.
1079 5064 1118 5121 ir
1129 5066 1177 5124 Pp,

172 5122 302 5193 Ρῐθῑὸΰῑῑῦ
313 5137 321 5176 ²
332 5112 353 5177 ὁ
363 5126 411 5194 ιὰ(
424 5132 480 5193 aper
504 5133 548 5180 τί*
567 5127 714 5182 &mmmm
732 5130 852 5197 prieneo
864 5138 968 5200 elidite
1058 5137 1097 5209 (d)
1114 5136 1190 5206 Quot
1200 5142 1224 5195 ει
1236 5141 1332 5215 integre
1346 5148 1426 5217 sapis,
1439 5160 1506 5207 certe
1522 5154 1600 5221 istud,
1614 5166 1767 5222 sonandum
1780 5170 1817 5226 ibi

171 5199 270 5259 rinna,
287 5208 336 5255 aros
348 5194 378 5246 ἃ*
392 5197 458 5253 ιῦτιι
474 5202 562 5265 illm
579 5202 710 5265 πεισάτω
724 5200 808 5265 reliq
820 5212 876 5259 τίνα
891 5206 915 5257 it
929 5207 968 5259 aba
1020 5222 1084 5273 erre,
1095 5210 1299 5280 manutentum
1308 5215 1393 5286 (juxta
1407 5219 1560 5298 lectiam).
1569 5226 1708 5290 liicmuita
1722 5253 1815 5297 emen·

148 5303 155 5336 r
170 5266 201 5318 ἃ*
213 5270 332 5328 *mle
346 5274 506 5336 anappum
519 5255 572 5321 ¹⁶⁷⁸
581 5271 629 5339 id?
642 5269 759 5337 &mitti
775 5275 825 5328 ἵετ’
836 5279 874 5330 ὅτι
892 5277 913 5327 ¹3
931 5285 969 5344 pv
1020 5278 1152 5347 davimus,
1165 5283 1297 5353 bgolaroi
1307 5287 1375 5343 libro
1384 5292 1424 5346 sic
1432 5294 1570 5353 suadente.
1583 5301 1627 5354 ait
1636 5300 1816 5370 Tertullianus

170 5342 300 5393 undarent
312 5340 380 5406 me&
390 5352 435 5393 sau
445 5338 521 5406 *ὄψι
531 5345 559 5394 ιθ
571 5341 686 5410 ironprn
697 5347 785 5411 iprtrn
800 5350 901 5416 είμοιε,
917 5345 970 5403 ἀλλ’
1021 5350 1338 5426 adurorem:s'iimegre
1349 5365 1507 5432 acpertectc
1518 5370 1600 5439 sapis,
1610 5371 1656 5440 ibi,
1666 5375 1717 5432 1100
1728 5390 1768 5436 esp
1790 5384 1819 5440 p„

170 5411 233 5475 ipro,
248 5408 338 5472 πολλὰς
348 5417 434 5489 ignei
446 5429 547 5480 *emit*
557 5421 709 5492 temeretis·
726 5412 827 5497 liph-
1020 5422 1159 5479 mentione
1167 5425 1480 5496 nuptiarutnscctandum
1489 5443 1626 5521 essequod
1634 5422 1778 5508 sitntitim'
1788 5464 1818 5511 ut

207 5475 250 5551 (h)
263 5478 316 5535 Sati
328 5494 360 5534 ns
373 5496 400 5534 nv
414 5479 532 5535 nubendo
550 5482 653 5564 qurdem
671 5482 815 5566 discipline
826 5489 972 5545 metrumne
1021 5507 1119 5564 nempe
1130 5498 1363 5571 secundisnuptiis
1376 5494 1818 5581 assumamusveroartunniaa

169 5551 313 5605 notuerunt.
324 5549 383 5605 Non
393 5551 832 5623 aoeusateasdnnpttnaenotstae,
841 5573 875 5613 eu
885 5559 967 5631 qnod,
1021 5562 1131 5620 dilliciin
1146 5567 1264 5623 hocvitn
1273 5576 1438 5642 propositum
1451 5592 1513 5634 esse
1524 5585 1590 5648 scin,
1604 5580 1775 5651 suhresiriere
1788 5613 1821 5655 20

170 5619 256 5676 viana
271 5635 325 5693 quo
338 5620 458 5677 dimisum
471 5619 576 5677 lucrant
590 5622 705 5690 vivente,
714 5624 792 5681 alteri
807 5641 968 5699 nupserant;
1021 5636 1170 5692 subsistere
1177 5638 1284 5708 placuit,
1292 5651 1320 5697 ct
1329 5658 1438 5715 pausam
1451 5650 1568 5719 aliquam
1576 5657 1710 5715 scribendi
1719 5664 1809 5725 lacere
1848 5665 1850 5670 ’

170 5688 220 5746 sed
241 5704 278 5746 eo
294 5691 366 5763 qood
389 5692 498 5747 ethnico
517 5702 683 5764 nupserant,
697 5696 807 5766 enuntias
819 5714 881 5757 snas
895 5713 986 5758 extra.
1022 5703 1085 5760 dum
1095 5722 1138 5762 me
1147 5707 1181 5762 ad
1190 5710 1355 5782 subsequens
1369 5716 1440 5773 istud
1453 5722 1595 5779 eorrsiiiurn
1610 5728 1716 5801 colligo,
1733 5711 1821 5809 nequ}

159 5758 319 5846 'Ecclesiam
334 5763 458 5819 tolerant.
474 5761 512 5817 Le
531 5760 581 5816 Pu.
1022 5776 1057 5834 de
1066 5776 1119 5834 isto
1128 5778 1236 5851 quidem
1244 5783 1278 5840 ad
1287 5794 1313 5843 ιε
1321 5788 1483 5857 retulissem,
1492 5794 1543 5848 nisi
1557 5795 1740 5865 utttcutnnenr
1750 5825 1833 5878 cont.

352 5856 625 5944 Tannunnrtnrl.
1369 5881 1682 5980 (Quorooteetooe.)
