4242 6259
278 302 336 382 nn
814 301 1383 370 nrtnrutuuutneuonnrnuu
1877 309 1934 374 rot

211 475 214 478 .
280 418 385 501 muitum
400 423 503 498 proprii
518 421 703 488 umanum
720 420 779 490 dii,
792 421 839 493 qui
852 421 948 490 veljex
965 415 1082 482 devictis
1094 421 1122 486 A
1133 421 1196 482 dem
1217 423 1323 492 luxerat,
1343 439 1376 482 ac
1397 425 1447 483 toti
1465 425 1549 483 ltalias
1568 439 1647 482 sunm
1668 425 1798 498 inposuit
1820 441 1931 487 nomen.

282 516 408 578 hostibus
421 516 501 587 rapti.
525 524 553 573 et
567 514 680 572 Romam
689 514 819 585 asportati
840 522 927 582 erant,
942 513 987 574 rol
1000 528 1082 587 pena·
1133 517 1200 588 Quin
1215 532 1280 574 vero
1292 517 1338 576 ille
1353 529 1478 591 tanlquam
1497 535 1532 576 en
1552 520 1690 591 inopinato
1707 519 1864 591 appulerat,
1880 535 1933 579 nec

282 620 324 670 tes
349 620 377 668 et
400 610 490 676 lares,
511 621 582 678 quos
614 606 799 678 unusquisqne
824 606 927 677 private
946 604 974 668 in
999 604 1083 664 domo
1133 609 1234 682 cogniti
1246 621 1324 667 erant
1334 611 1392 682 ejus
1406 619 1542 683 parentes,
1554 613 1588 670 de
1598 613 1669 671 ucelo
1679 612 1773 684 lapsus
1784 607 1930 671 terebatur.

280 721 330 766 sua
356 701 536 775 peculiariqoe
558 701 612 766 ritu
632 699 747 759 colebat.
771 702 807 758 nt
831 698 862 756 hi
882 713 977 758 omnes
995 698 1084 756 toni·
1132 699 1173 760 Nn
1184 703 1248 774 quid
1262 714 1352 762 antem
1366 704 1466 762 ethnici
1482 707 1581 762 mutire
1597 707 1737 776 auderent,
1752 707 1804 764 hoc
1821 715 1934 782 recepto

281 811 331 856 nes
358 795 483 864 luerunt,
510 795 557 866 qui
584 794 620 852 ob
640 793 748 865 egregia
769 792 893 864 qmdnm
908 792 1030 852 minora
1044 790 1082 848 dii
1132 794 1235 854 abillis
1249 796 1359 870 Sibylln
1373 797 1528 855 testimonio
1539 799 1691 856 confirmat.

281 899 344 965 post
363 898 479 946 mortem
497 887 602 946 insulsa
614 886 694 958 plane
707 884 913 944 consecratione
931 884 995 942 lacti
1008 893 1082 941 sont.
1169 885 1262 958 ltaque
1275 903 1337 944 cum
1347 889 1599 962 nullusnmhigendi
1611 891 1687 948 locus
1696 891 1786 960 detor,
1799 893 1864 965 quin
1881 893 1933 952 Sn-

282 984 318 1042 tt
330 997 475 1054 qondam,
497 980 536 1036 ait
557 980 760 1049 Tertullianus,
777 979 903 1036 uniusne
919 978 981 1054 eis,
1002 979 1080 1038 uerbi
1135 989 1231 1040 turnus
1245 984 1326 1039 honio
1336 983 1427 1051 irretit,
1437 984 1500 1041 inde
1510 995 1585 1041 certo
1597 986 1743 1059 colligitur,
1755 987 1931 1060 qnosethniei

282 1074 370 1152 gratia
385 1072 500 1153 AEnoon,
516 1081 595 1130 eraut
608 1071 724 1130 merital
737 1070 806 1128 Nam
820 1069 907 1142 pietas
927 1071 955 1130 in
977 1081 1083 1142 patrem
1134 1083 1251 1132 orlosex
1264 1075 1319 1142 illq,
1333 1092 1365 1133 nc
1378 1085 1469 1147 postea
1481 1087 1602 1136 mortuos
1616 1069 1792 1152 sepultosque
1814 1083 1932 1139 latolrnn·

283 1179 312 1228 et
326 1167 430 1224 lilium?
442 1166 495 1223 Sed
517 1167 540 1223 is
555 1167 598 1222 nel
611 1180 706 1234 suam,
729 1166 799 1221 sicut
812 1165 945 1232 Antenor,
966 1164 1084 1236 prodidi
1135 1175 1188 1233 tur,
1202 1168 1253 1224 hos
1264 1169 1351 1239 reipsa
1359 1168 1441 1227 luisse
1448 1170 1589 1243 honrines(
1596 1188 1655 1243 cop.
1668 1174 1725 1244 13).
1738 1175 1816 1246 Atqui
1833 1173 1932 1233 mortni

283 1263 409 1336 patriam,
422 1263 465 1317 rei
478 1275 550 1328 eam,
565 1256 662 1316 relicto
676 1258 783 1314 Priamo
794 1267 822 1318 et
836 1260 1018 1330 Astyanacte,
1031 1257 1083 1314 dn·
1135 1259 1258 1317 homiues
1269 1275 1322 1317 non
1336 1273 1449 1333 possunt
1466 1278 1527 1322 esse
1538 1266 1591 1333 dil,
1607 1266 1659 1321 nisi
1674 1267 1717 1323 rel
1733 1282 1749 1322 a
1765 1269 1870 1341 seipsis.
1886 1271 1935 1329 rel

283 1366 406 1430 grantem
417 1351 580 1417 deserendo,
594 1367 648 1408 non
663 1351 781 1408 imitatus
791 1349 985 1413 estloeminam
998 1351 1084 1410 Puni·
1134 1351 1170 1410 eh
1179 1353 1238 1409 aliis
1252 1368 1328 1410 sunm
1340 1356 1493 1428 acceperint
1503 1356 1681 1415 divinitatem.
1693 1361 1712 1414 A
1725 1375 1756 1417 se
1765 1368 1856 1419 summ
1867 1359 1932 1434 ipsis

284 1462 355 1512 cam,
374 1459 552 1518 qunsecum
565 1443 627 1500 tiliis
640 1443 799 1502 inardentis
811 1443 906 1515 patriae
922 1442 999 1514 ignes
1013 1443 1084 1515 inje·
1135 1458 1195 1500 eam
1221 1460 1277 1502 non
1299 1446 1408 1504 hahent.
1433 1448 1492 1505 Non
1516 1451 1588 1506 enim
1610 1451 1738 1508 sivissent
1759 1468 1789 1508 se
1816 1454 1933 1524 primun

223 1551 232 1568 ⁸
284 1541 332 1598 cit.
344 1538 480 1611 Numquid
493 1537 589 1594 melior
602 1536 742 1603 Romanis,
758 1536 805 1606 qui
820 1551 869 1607 pro
881 1536 968 1592 salute
983 1534 1085 1607 princi·
1135 1532 1219 1592 luisse
1233 1535 1429 1606 homines,tot
1442 1523 1579 1612 tantisque
1591 1540 1717 1598 humanis
1732 1544 1933 1603 infirmitatibus

284 1648 348 1705 pum
361 1632 500 1702 ,aduersus
515 1630 616 1690 liberos
629 1637 657 1685 et
667 1628 797 1699 conjuges
812 1626 1000 1700 jnrausmisi
1020 1628 1086 1700 quid
1135 1625 1276 1686 obnoxios.
1299 1628 1392 1704 Neque
1416 1633 1498 1690 etiam
1519 1650 1648 1706 suprema
1670 1635 1813 1695 divinitate
1832 1639 1867 1694 nh
1880 1640 1936 1696 allo

285 1738 368 1797 porro
382 1730 485 1794 patrem
497 1720 617 1779 humeris
631 1720 761 1792 gestando
774 1719 924 1791 promeruit
937 1734 1029 1777 nonne
1038 1721 1088 1776 Ar·
1136 1719 1227 1791 aliquo
1236 1719 1327 1778 donati
1336 1733 1409 1793 sunt,
1424 1725 1475 1784 nisi
1487 1729 1595 1783 caeteris
1608 1729 1732 1786 omnibns
1747 1723 1820 1788 lictis
1825 1733 1876 1789 diis
1886 1748 1935 1804 po-

237 1866 240 1872 .
284 1818 339 1890 girl
352 1817 473 1888 ijurenes
497 1822 610 1870 matrem
634 1827 721 1880 suam,
745 1825 780 1868 ne
799 1811 826 1868 iu
846 1811 931 1868 sacris
953 1811 1087 1883 piaculum
1101 1821 1126 1884 Β
1141 1813 1267 1883 lentiore,
1288 1816 1334 1889 qui
1357 1818 1471 1888 proinde
1490 1820 1565 1876 solus
1580 1836 1661 1878 uerus
1679 1822 1751 1878 liens
1770 1824 1824 1880 dici
1841 1824 1932 1882 debet.

285 1910 405 1977 laceret,
424 1918 551 1981 tauquam
564 1907 670 1982 jugales
684 1906 836 1963 rexerunt?
846 1905 874 1964 Si
888 1920 967 1963 suurn
980 1905 1025 1963 ille
1036 1917 1085 1978 pa·
1136 1906 1239 1965 oerum
1254 1909 1327 1966 nulla
1342 1927 1452 1983 prorsus
1467 1914 1601 1986 assignari
1614 1931 1695 1972 cause
1710 1927 1810 1988 potest,
1825 1933 1873 1974 cur
1886 1934 1935 1977 re·

285 2015 355 2061 trem
368 1989 454 2068 eluit,
475 2014 565 2058 nonne
580 2000 633 2056 lilia
645 1993 767 2071 quaedam
788 1997 884 2070 majori
902 1998 1002 2069 pietate
1016 1998 1085 2070 patri
1136 2015 1183 2057 rus
1211 2001 1283 2059 Dens
1305 2003 1374 2062 alios
1400 2004 1493 2064 lecerit
1516 2007 1592 2064 deos.
1617 2009 1675 2066 Non
1701 2009 1809 2082 quidem
1831 2020 1862 2067 ut
1884 2012 1936 2067 sihi

286 2113 355 2166 suo,
369 2098 396 2155 io
409 2110 520 2156 mrcerc
541 2094 650 2167 posito,
672 2092 792 2152 admonit
806 2092 910 2150 uheral
921 2091 1008 2164 idagis
1019 2106 1085 2164 ergo
1136 2092 1237 2158 auxilio
1250 2103 1358 2163 esseut,
1373 2096 1415 2152 tel
1429 2108 1599 2156 ornamento.
1622 2099 1696 2157 lieus
1717 2103 1789 2158 enim
1810 2103 1936 2175 omnips·

286 2192 325 2248 illi
336 2189 437 2248 dirinis
447 2186 596 2246 honoribus
605 2183 679 2257 digni
688 2192 777 2250 eraut,
790 2198 870 2254 qoam
885 2184 995 2256 ignatus
1010 2183 1086 2242 timi·
1136 2191 1198 2241 tens
1212 2185 1311 2244 nullius
1325 2203 1377 2260 ope
1396 2190 1440 2245 uel
1461 2200 1558 2246 ornatu
1581 2190 1692 2264 indiget.
1715 2192 1809 2265 Neque
1831 2193 1937 2266 aliquos

286 2282 390 2354 dunque
404 2279 523 2347 AEneos,
539 2273 586 2349 qni
599 2285 663 2348 post
676 2276 798 2347 prolium
810 2274 1003 2332 Lnrrrentinum
1015 2289 1086 2336 nun·
1137 2275 1262 2336 homines
1273 2291 1384 2351 propter
1396 2296 1491 2338 eorum
1502 2284 1597 2339 merita
1608 2284 1677 2340 deos
1692 2285 1764 2342 lecit.
1778 2286 1848 2354 Quid
1859 2300 1936 2342 nam·

285 2389 364 2447 quam
376 2368 681 2444 comparuiiNumquid
696 2369 778 2427 otiam
792 2367 942 2426 diuinitatis
954 2366 1086 2426 honorem
1137 2387 1191 2443 que
1213 2374 1368 2431 merehatur
1389 2375 1535 2444 Saturnus,
1559 2376 1678 2434 illiorum
1697 2394 1806 2436 suorum
1819 2380 1937 2436 desora-

286 2469 385 2528 meruit
397 2465 548 2532 Romulus,
569 2465 614 2536 qui
628 2461 762 2522 interiecit
780 2462 890 2522 lratrem
905 2475 1003 2528 suum,
1020 2462 1086 2518 alie·
1137 2475 1180 2524 tor
1190 2485 1198 2536 ;
1209 2479 1253 2525 aut
1264 2468 1370 2540 iupiter
1379 2471 1463 2541 patris
1475 2471 1624 2528 suhdootns
1636 2459 1729 2538 inrnri,
1743 2473 1935 2530 mrorissdnt·

286 2577 389 2633 nanque
411 2561 502 2633 rapuit
515 2558 653 2631 uirgines?
667 2556 801 2629 Numquid
825 2556 954 2612 llereules
976 2563 1087 2628 proptor
1138 2553 1190 2628 ter,
1203 2562 1250 2634 qui
1266 2570 1296 2617 ut
1315 2562 1367 2620 alia
1386 2575 1479 2636 stupra
1493 2573 1523 2621 et
1535 2564 1665 2621 adulteria
1680 2566 1802 2621 neurius
1815 2565 1934 2633 laceret,

286 2654 380 2727 Augin
392 2653 485 2710 Arnum
501 2652 628 2723 ejectum,
645 2650 782 2721 Penelope
800 2658 910 2721 proptor
923 2650 1087 2715 enctnnem,
1137 2655 1227 2726 boris,
1241 2656 1337 2713 inlitis
1350 2659 1443 2728 aurei,
1458 2659 1549 2731 cygni,
1569 2658 1687 2730 aliasque
1701 2658 1800 2715 lormns
1814 2659 1936 2716 induisse

286 2747 404 2823 §alimus
419 2755 530 2818 propter
540 2743 816 2817 hospitalitatem'juna
826 2741 973 2799 divinitatis
986 2742 1085 2813 potius,
1114 2776 1116 2780 ·
1137 2749 1314 2821 perhibetur?
1329 2750 1395 2808 Tam
1416 2750 1492 2823 impii
1507 2766 1573 2824 ergo
1589 2760 1618 2808 et
1635 2751 1758 2808 scelerati
1782 2750 1938 2823 lnrjnsmodi

286 2854 368 2911 qmuu
378 2837 527 2905 Sterculus,
538 2852 620 2908 quom
635 2835 690 2893 lilia
704 2835 801 2906 Fauni,
816 2850 899 2906 quam
910 2834 1086 2908 Ulpreseoo-
1139 2840 1262 2900 homines
1274 2842 1442 2899 diripientem
1458 2859 1595 2916 nimquam
1609 2853 1775 2901 mernerunt.

286 2933 364 3006 sequi
377 2930 531 2990 dehehnnti
1173 2933 1267 3006 Neque
1279 2936 1296 2991 ii
1310 2936 1391 2992 etism
1405 2936 1442 2992 dii
1455 2947 1529 3005 sunt,
1543 2952 1611 3009 quos
1624 2937 1769 3010 Dionysius
1782 2936 1890 2994 Stoicus
1904 2937 1933 2994 in

322 3024 391 3093 Quid
407 3037 472 3081 uero
490 3024 524 3081 de
545 3022 606 3086 aliis
628 3023 707 3096 longe
728 3023 893 3094 turpioribus
918 3022 970 3078 diis
993 3021 1088 3079 dicen-
1139 3028 1245 3085 natitos
1263 3038 1291 3085 et
1312 3029 1398 3085 iactos
1418 3029 1558 3101 distinguit
1581 3031 1659 3100 (cap.
1676 3027 1730 3101 tt).
1755 3029 1937 3088 Tertullianus

287 3117 369 3176 dorrtl
393 3116 477 3187 Quid,
501 3116 615 3174 oltsocro
640 3126 681 3184 to,
697 3115 845 3172 divinitatis
873 3125 916 3172 est
941 3121 967 3169 in
985 3114 1088 3171 Laren-
1139 3120 1271 3191 siquidem
1284 3121 1326 3176 vei
1342 3121 1422 3176 unico
1434 3119 1557 3176 llercnlis
1571 3121 1707 3191 exemplo,
1720 3120 1769 3176 sed
1780 3119 1939 3191 quodplanc

288 3212 343 3268 tina
358 3210 499 3267 urreretrice
519 3210 636 3282 publico,
648 3219 676 3265 et
694 3208 802 3265 Romuli
816 3208 941 3264 nutrice?
952 3205 1022 3274 outo
1034 3205 1086 3263 loe·
1099 3212 1126 3276 c
1139 3212 1246 3278 sullieit,
1259 3213 1465 3270 insulsissimam
1476 3213 1579 3270 huncce
1590 3213 1746 3284 opinionem
1756 3214 1865 3274 evertit,
1874 3211 1934 3270 Non

287 3305 380 3373 mina,
405 3318 467 3376 quar
490 3304 517 3359 in
543 3302 578 3359 ah
603 3301 726 3358 lierenlis
744 3301 847 3357 edituo
867 3310 928 3371 post
942 3300 1086 3356 ridiculum
1138 3306 1210 3366 enim
1224 3305 1364 3364 diuinitate
1376 3303 1695 3382 dignuseratllercules,
1713 3306 1777 3376 quia
1797 3305 1868 3362 leros
1891 3306 1937 3362 ln·

286 3396 380 3454 ludunt
408 3398 517 3463 uitiata,
545 3396 604 3467 ipso
627 3395 741 3452 Nercule
764 3394 821 3463 iam
839 3404 947 3451 mortuo
966 3408 1086 3451 socom·
1138 3402 1498 3474 tenemin;qnmmnquldem
1507 3401 1936 3473 plnresoenidnnmrsglndiam-

287 3503 409 3560 pressam
436 3487 519 3546 luisse
546 3486 710 3556 gloriabatur
724 3486 746 3555 i,
759 3486 825 3555 Quis
851 3486 985 3557 patienter
1017 3484 1089 3542 ierat
1137 3493 1481 3565 ribannequeetinmquin
1495 3502 1629 3549 terrarum
1644 3493 1813 3565 percucurrit
1824 3494 1935 3560 orhem;

287 3578 417 3636 iniameua
451 3579 597 3634 Antinoum
623 3593 639 3633 a
677 3577 808 3634 Romanis
839 3578 920 3634 deum
953 3579 1048 3636 haberi
1074 3580 1088 3635 1
1137 3601 1200 3643 nam
1216 3585 1388 3658 Asclepiades
1406 3585 1537 3659 Cynicus,
1554 3574 1698 3658 pluresque
1713 3585 1865 3657 philosophi
1880 3600 1938 3642 nna-

289 3671 365 3729 Alios
387 3680 478 3729 nmen
497 3686 551 3728 non
574 3672 665 3728 minus
689 3683 782 3743 turpes
807 3671 874 3728 deos
894 3672 921 3727 hi
941 3674 1089 3730 commenti
1136 3679 1190 3751 jori
1208 3679 1389 3738 mendicitatis
1411 3679 1505 3736 labore
1526 3688 1639 3736 cunetas
1657 3681 1838 3734 iustrereront
1852 3679 1935 3734 totius

291 3774 365 3831 sunt,
391 3779 460 3834 quos
484 3765 586 3834 nuptiis
609 3779 642 3820 ac
661 3763 836 3837 procreandis
855 3765 948 3821 liheris
969 3780 1089 3837 prnesm
1138 3773 1231 3830 mnndi
1257 3784 1357 3845 pierres.
1383 3772 1519 3844 Numquid
1542 3788 1608 3845 engo
1623 3773 1690 3829 deus
1703 3773 1830 3844 ast,qnia
1844 3772 1935 3830 illese

293 3858 451 3916 stultissime
467 3855 658 3927 praedicebant.
677 3855 757 3911 Tales
770 3866 834 3911 sunt
848 3857 1007 3922 Consevius,
1020 3856 1086 3914 rtr-
1138 3868 1252 3925 ωῃωιῑι
1264 3867 1298 3923 nd
1313 3866 1433 3923 intem?
1445 3866 1498 3924 sod
1513 3868 1672 3939 quintinum
1686 3880 1780 3922 eorum
1795 3866 1837 3922 vin
1847 3867 1936 3938 pannii

291 3949 394 4018 1101111,
410 3948 568 4017 wimiis
583 3948 720 4013 sentinus,
737 3947 880 4019 DieSPWN·
893 3948 1086 4018 Gilldellseffii
1138 3962 1296 4033 Pergamos,
1318 3961 1343 4016 si
1368 3960 1466 4031 placet.
1490 3960 1586 4016 Nonne
1604 3959 1719 4015 eximius
1736 3957 1781 4014 ille
1800 3958 1937 4016 llercules

288 4045 391 4113 Pensa,
405 4044 519 4103 Parmos
530 4086 541 4114 ,
553 4044 834 4112 nimisnnuncinia,
852 4046 964 4114 Potina,
981 4046 1085 4117 fidula,
1138 4054 1323 4124 constupravit
1347 4052 1491 4109 imminssl
1503 4053 1599 4110 Nonne
1621 4054 1657 4109 eh
1677 4052 1807 4108 amissum
1823 4067 1936 4124 puerum

287 4137 411 4206 Abeona,
426 4136 1085 4212 nominum,votnnnn,internodiorum,
1138 4145 1261 4201 militium
1287 4145 1407 4202 deseruit
1433 4136 1672 4217 Argonautarum?
1698 4143 1793 4201 Nonne
1824 4146 1935 4202 lascire

288 4231 406 4298 Venilia,
435 4230 567 4302 Pelopia,
594 4232 744 4297 Prostitis,
771 4232 933 4304 Perngenon
961 4233 1085 4303 Consus,
1137 4239 1230 4296 uxoris
1242 4226 1355 4294 retronis
1369 4239 1587 4303 circumventus,
1603 4252 1719 4294 accenso
1733 4253 1819 4310 rogo,
1840 4253 1934 4294 neeorn

261 4322 413 4392 ‚lurentn
438 4322 570 4391 Fortuna,
598 4316 729 4406 Barbam,
756 4323 919 4393 Afferenda,
947 4324 1083 4394 Nuturtus,
1138 4332 1270 4403 sibiipsa
1293 4332 1439 4389 consciritl
1463 4331 1529 4401 Quis
1549 4346 1615 4404 ergo
1636 4332 1735 4389 mentis
1750 4347 1806 4388 susc
1823 4345 1935 4402 compos

288 4415 422 4479 Tutunus.
437 4414 586 4483 Pertunda,
597 4414 724 4487 Subigus,
740 4415 855 4486 Prema,
871 4427 900 4474 et
910 4418 957 4474 alii
971 4432 1086 4489 quorum
1138 4423 1220 4479 homo
1233 4423 1304 4478 irunc
1316 4423 1408 4478 eredat
1420 4438 1482 4481 esse
1495 4423 1596 4480 deum?
1608 4422 1669 4490 ono
1682 4424 1765 4481 ctiam
1779 4433 1857 4495 puoto
1869 4419 1934 4479 Ais·

288 4510 377 4567 cilicia
392 4510 545 4568 nominihus
559 4512 616 4567 suis
628 4513 766 4582 appellare
780 4513 825 4569 rel
836 4513 964 4570 mittimus
975 4513 1087 4586 pudoris
1138 4516 1259 4588 culapius
1272 4500 1359 4587 potuit
1369 4515 1438 4572 deus
1453 4515 1614 4584 renuntiari,
1625 4515 1682 4586 qui,
1703 4524 1735 4570 ut
1751 4523 1841 4571 norrnt
1860 4514 1933 4588 argi-

287 4619 386 4663 seusos
396 4605 521 4678 prohihet
534 4606 606 4679 (cup.
621 4605 664 4670 to,
681 4607 711 4662 11
720 4607 742 4678 ).
1098 4603 1126 4665 D
1139 4609 1334 4674 ressuscites,
1347 4617 1423 4678 patre
1436 4607 1541 4664 incerto
1555 4616 1645 4674 uatus,
1656 4606 1691 4662 oh
1706 4607 1849 4664 medicinae
1863 4605 1936 4676 peri·

323 4696 423 4753 Omnes
436 4713 517 4767 porro
531 4698 715 4754 Rornanorum
729 4697 852 4766 deos,ut
865 4699 1087 4780 simuletsentel
1138 4702 1202 4756 tiam
1230 4681 1342 4755 lnlmlne
1366 4698 1460 4768 loris,
1489 4698 1718 4770 quemadmodum
1741 4699 1802 4771 ejus
1832 4706 1934 4765 mater,

287 4789 469 4848 Tertullianus
481 4792 620 4863 praecidat,
637 4792 723 4863 ipsam
736 4792 804 4863 petit
815 4793 922 4848 illorum
936 4793 1084 4866 originem,
1138 4808 1281 4868 percrrssus
1299 4791 1359 4849 luit.
1373 4793 1555 4851 Athenienses
1570 4801 1660 4849 tamen
1676 4792 1752 4849 illurn
1767 4802 1935 4864 matremque

287 4899 369 4957 qoam
383 4885 469 4941 Varro
485 4900 500 4942 a
520 4886 596 4952 lore,
609 4885 715 4943 lunone
726 4895 755 4944 et
766 4887 884 4944 Ninerra
897 4888 1002 4944 orditur
1015 4907 1022 4945 ε
1036 4889 1086 4947 sed
1138 4888 1208 4959 ejus.
1219 4887 1291 4945 sicut
1301 4885 1417 4955 Thesea,
1430 4887 1554 4944 adorant.

287 4977 726 5050 qurenSaturnoillorumpnrcnte
736 4979 881 5050 repetenda
892 4979 1085 5053 reticenti).
1172 4979 1229 5036 Nec
1241 4981 1313 5037 coelo
1327 4994 1359 5035 ac
1372 4979 1512 5037 divinitate
1526 4976 1610 5051 anagn
1623 4977 1696 5050 digni
1709 4976 1851 5046 castores,
1868 4975 1934 5036 Per·

287 5070 346 5127 Nun
362 5071 408 5128 hie
421 5080 511 5128 autem
523 5111 531 5137 ,
543 5070 630 5128 multo
642 5071 801 5142 miuusejns
814 5070 873 5139 trit,
884 5071 951 5128 deus
966 5088 1084 5145 nuquam
1138 5088 1211 5141 sens,
1234 5072 1360 5144 Erigone,
1384 5072 1507 5129 exoletos
1522 5070 1606 5141 ioris,
1617 5072 1676 5129 sire
1686 5069 1866 5144 Ganymedes,
1881 5073 1936 5129 sic·

287 5163 842 5237 nsemtnnqulecelnsencmmuet
858 5164 1079 5237 Terragenitus,
1136 5166 1175 5222 uti
1194 5179 1244 5222 uec
1270 5179 1369 5232 canes,
1403 5165 1561 5237 scorpiones
1581 5161 1804 5235 etoencri,quos
1828 5164 1935 5220 romani

258 5257 391 5330 ‘patrem
414 5273 492 5314 sarim
514 5267 648 5314 cannasse
671 5259 837 5329 perhibetur.
860 5258 918 5316 Nec
940 5258 1085 5317 dicendum
1136 5260 1246 5316 inastra
1267 5257 1472 5318 transtulerunt.
1487 5257 1554 5327 Quin
1566 5272 1632 5315 vero
1644 5258 1704 5314 sine
1717 5257 1773 5313 risu
1786 5256 1829 5312 illa
1843 5256 1937 5314 audiet

287 5349 500 5421 hncallegorice
512 5350 547 5408 de
562 5359 684 5423 tempore
698 5361 832 5423 terraeque
846 5351 1021 5411 incendit-nte
1034 5369 1085 5410 ex·
1135 5353 1246 5411 nomina
1259 5353 1382 5420 deornm,
1396 5367 1464 5426 quos
1478 5349 1592 5409 nonant
1615 5351 1697 5407 cortis
1714 5349 1875 5422 quibusdam
1892 5363 1937 5407 nr·

210 5498 212 5502 ,
287 5442 391 5514 plicnni.
407 5441 556 5501 clarisrdmi
572 5443 705 5518 siqnidem
718 5444 865 5517 scriptores
877 5446 986 5504 Cassios
999 5446 1085 5504 Sere-
1135 5447 1209 5506 bium
1224 5460 1257 5502 ac
1279 5445 1421 5502 domorum
1442 5443 1509 5500 iocis
1536 5443 1696 5515 praepositos
1714 5440 1935 5499 arbitrabuntur?

286 5546 345 5602 ros,
358 5533 500 5591 Gornelius
512 5532 612 5607 Nepos,
627 5534 747 5603 Tacitus,
764 5537 914 5605 Diodorus,
928 5547 957 5595 et
974 5540 1019 5595 alli
1039 5539 1082 5596 di·
1137 5539 1180 5596 Ab
1194 5539 1226 5594 iis
1246 5537 1344 5611 qnippe
1358 5521 1489 5594 vocantur
1511 5534 1633 5602 Niduns,
1655 5533 1791 5599 occutus.
1816 5533 1935 5603 Orbana,

286 5625 437 5685 certissime
470 5637 631 5688 asoererant
652 5629 799 5687 Saturnum
826 5645 922 5690 reuera
945 5633 1086 5692 hominem
1137 5630 1339 5703 linguinhann,
1354 5632 1500 5698 Aseensus,
1513 5627 1649 5695 herissis,
1665 5625 1806 5693 Porcnius,
1820 5625 1935 5696 Cardea,

285 5718 381 5785 tome,
400 5721 447 5790 qui
464 5722 546 5778 variis
559 5722 634 5779 orhls
648 5732 727 5781 terrm
739 5723 860 5795 partibus
874 5727 1035 5800 peragratis,
1056 5728 1085 5784 in
1136 5726 1314 5793 limentinus,
1339 5724 1439 5797 aliique
1463 5723 1577 5796 singulis
1589 5721 1740 5794 quibusque
1760 5722 1825 5778 ritae
1839 5720 1937 5778 ciliciis

284 5805 414 5866 ttmtm
428 5809 477 5868 ssu
489 5810 570 5870 tolia·
587 5824 727 5886 ennepius,
741 5817 829 5874 monti
840 5826 868 5874 et
887 5818 958 5888 urii,
974 5820 1018 5877 uhi
1033 5834 1080 5878 se·
1136 5818 1266 5894 preelecti.
1280 5817 1335 5876 sed
1347 5818 1377 5878 lui
1396 5818 1461 5877 solis
1476 5831 1545 5890 pene
1564 5815 1693 5874 homenis
1715 5814 1825 5888 mgniti,
1851 5815 1875 5872 sl
1897 5813 1936 5871 dil
