4242 6259
176 310 228 373 set
748 305 974 365 ermenrarm
994 307 1030 366 o.
1048 307 1094 367 aa
1111 309 1264 369 vannat.
1318 255 1328 299 ³
1778 321 1834 380 aaa

177 443 271 503 gnare,
282 441 362 502 quam
373 427 400 487 id
413 427 456 487 rel
467 427 567 486 inimic
580 426 815 486 sortischristiano
826 436 980 502 promptum
993 431 1021 493 Α
1032 437 1056 484 et
1070 446 1129 501 rap.
1143 428 1176 485 al
1190 428 1211 503 l.
1244 429 1323 500 Quod
1345 429 1453 503 quidem
1472 433 1507 489 al)
1533 446 1566 489 eo
1591 435 1736 506 repetitum
1752 475 1760 504 ,
1773 445 1802 492 ct
1814 441 1843 493 a·

177 522 310 596 facileque
321 521 382 579 luit.
1029 518 1142 578 Minotio
1173 520 1279 588 Felice,
1304 532 1335 579 ut
1360 523 1424 580 alihi
1447 524 1709 595 animadvertimus,
1742 536 1831 585 trans·

186 679 189 682 ,
213 614 313 672 Varum
327 614 390 672 illud
405 611 861 672 adhucauctoritateconilrmatur
884 611 976 669 Plato·
1028 616 1144 687 criptum
1168 626 1210 673 cst
1234 617 1391 690 thismtot.
1419 620 1446 673 in
1457 618 1552 674 llinat.
1578 619 1681 688 Oetam,
1706 637 1764 692 cap.
1789 622 1827 690 a,

176 707 229 775 nis,
244 706 349 764 illomm
365 708 486 765 omnium
506 708 584 766 lacile
607 707 747 780 principis,
759 707 816 780 qni,
833 705 977 777 sicutipse
1028 718 1078 764 art.
1095 710 1112 765 5
1127 708 1148 781 ).
1161 707 1215 766 Sed
1230 713 1302 783 quod
1312 711 1409 769 dehac
1425 711 1472 769 Dei
1485 712 1569 769 verbo
1582 712 1766 771 Tertullianus
1775 715 1836 772 ‹lo-¹

178 800 358 882 Tertullianus
377 812 511 859 memorat
531 817 632 874 trosque
654 802 724 867 haurd
747 800 831 857 semel
851 799 975 856 animad-

176 897 318 965 vertimus,
332 897 420 968 palam
434 896 571 968 professus
581 906 641 963 est,
655 896 825 967 factitatorem
849 894 974 950 trnioersi·

1027 809 1081 869 cet,
1092 801 1160 873 iarn,
1172 801 1194 859 si
1206 803 1307 874 placet,
1320 803 1463 877 diligenter
1474 806 1668 878 expendamus.

1325 938 1440 996 CAPUT
1461 938 1528 995 till.

178 990 331 1063 tatisntpnc
356 990 466 1046 inueniri
486 989 637 1061 foritaneto
661 990 792 1045 inuentum
809 989 926 1044 enarrari
947 988 975 1045 in
1073 1002 1078 1012 ·

176 1098 263 1139 omnes
298 1081 426 1156 diffioiiarn
451 1081 632 1155 (l'ortrtilian.
669 1082 817 1156 Apolaptt„
842 1097 900 1152 cap.
930 1082 973 1151 lli,

176 1175 248 1232 Plat.
261 1175 328 1232 Tim.
342 1193 403 1250 pap.
414 1175 450 1234 28
462 1178 482 1246 i.
496 1174 676 1253 Quamobrem
692 1184 839 1232 sectatores
851 1173 920 1245 eins,
935 1172 974 1230 uti

175 1267 228 1325 alio
242 1270 269 1325 iu
285 1269 355 1327 lihrn
367 1271 406 1326 ait
418 1271 518 1326 tltvctor
530 1249 634 1338 noster,
651 1269 736 1336 illam,
749 1284 825 1341 prtem
839 1284 889 1323 non
901 1267 974 1340 peni·

174 1369 216 1414 tns
230 1359 403 1430 admiserant,
422 1376 502 1433 nepae
514 1374 589 1416 nosse
608 1370 745 1432 peramant
759 1401 766 1428 ,
780 1376 860 1430 noque
875 1359 971 1424 viatere,

173 1466 218 1506 trec
228 1452 289 1507 inde
298 1467 398 1523 sapere,
410 1451 581 1507 exorbitantes
593 1451 689 1506 scilieet
702 1451 733 1505 ab
744 1450 819 1505 initio
828 1450 971 1523 sapientior,

172 1540 265 1609 idest,
288 1553 357 1598 motet
376 1542 404 1597 in
423 1541 504 1598 Dennt
524 1541 646 1615 (Taml
668 1541 807 1614 Apparet„
825 1558 883 1614 pap.
907 1540 971 1608 aa&

1198 1067 1203 1076 '
1271 1080 1311 1137 m
1324 1080 1418 1138 atain
1431 1081 1570 1137 stotonae.

1291 1211 1437 1252 aartcvsvs
1451 1212 1558 1252 calvas.

1025 1311 1065 1367 De
1079 1314 1157 1369 uariis
1170 1311 1235 1369 Filii
1247 1313 1296 1370 Dei
1308 1314 1462 1380 norniniins,
1478 1329 1508 1368 aa
1518 1329 1596 1385 qnam
1613 1293 1752 1369 turatino
1763 1313 1825 1369 Ter·

1062 1406 1186 1462 tullianas
1209 1407 1299 1463 doceat
1324 1408 1377 1463 nari
1403 1408 1544 1480 suntmipne
1569 1406 1617 1462 liei
1641 1408 1763 1463 attributo
1788 1410 1829 1464 iiii

1060 1499 1203 1565 conuenire,
1219 1515 1326 1570 rurisque
1337 1516 1417 1554 nnnnr
1436 1510 1459 1554 et
1480 1508 1602 1554 cinnam
1617 1516 1675 1554 cant
1691 1498 1770 1556 Patre
1781 1515 1828 1556 sno

1062 1589 1219 1646 ssseDettnt.

171 1632 309 1689 Dissertat.
330 1637 357 1689 in
380 1633 476 1691 liinat.
493 1635 595 1702 Oetam,
608 1647 666 1706 cap.
687 1635 714 1700 l,
726 1633 836 1707 arad).
855 1634 973 1702 Quilibet

171 1740 238 1783 sero
251 1726 415 1782 cltristiaaus
427 1727 508 1782 illum
517 1719 635 1791 invenit,
644 1736 671 1783 et
685 1726 755 1797 qnod
764 1726 791 1781 in
807 1725 860 1781 lieo
878 1728 973 1798 priari-
1060 1725 1129 1795 Quid
1139 1727 1175 1784 sit
1184 1726 1548 1796 Verbum,llatio‚Sermo,et
1559 1727 1644 1785 vitius
1658 1729 1746 1797 liciat
1758 1730 1820 1787 Ter-

173 1827 223 1884 tur,
237 1833 266 1872 re
278 1834 378 1889 pnapna
391 1817 510 1890 adtipnat
519 1817 695 1890 (lortotttoa,
708 1818 753 1873 iii.
767 1815 789 1873 ll
799 1819 833 1873 ad
849 1817 970 1889 Notiora,
987 1829 1012 1891 ll
1026 1822 1154 1880 tullianus
1168 1822 1293 1879 ontnihus
1308 1822 1459 1894 patefaciat,
1471 1823 1577 1879 duobos
1588 1823 1676 1878 modis
1689 1832 1717 1879 et
1728 1824 1822 1891 ileum,

173 1925 231 1981 cap.
245 1908 304 1983 ψ
323 1909 409 1980 ipsam
437 1910 562 1967 videlicet
586 1925 647 1966 esse
678 1926 776 1976 untvm,
802 1912 972 1983 omnipoten·
1024 1928 1051 1973 et
1065 1916 1183 1974 l'erhum
1202 1917 1248 1973 hei
1262 1916 1360 1972 Filium
1373 1916 1539 1973 considerari
1551 1915 1826 1986 persederet-Ambo

174 2010 239 2072 tem,
253 2001 401 2068 infinitum,
419 2003 511 2058 retrudi
525 2012 689 2071 creatorem,
704 2013 732 2059 et
757 2013 811 2074 atto
834 2005 898 2059 nihil
915 2020 972 2060 ma·
1023 2009 1100 2066 enim·
1110 2009 1228 2080 spectari
1246 2017 1359 2080 possunt
1372 2019 1515 2079 antequam
1534 2009 1591 2079 ipse
1610 2008 1681 2065 Deos
1695 2007 1824 2064 mundum

172 2093 216 2166 jus
245 2094 396 2165 meliusque
416 2096 562 2168 excogitari
595 2104 693 2167 potest.
716 2095 885 2167 Quapropter
910 2112 971 2153 eum
1023 2099 1064 2157 vel
1080 2108 1230 2155 creaturam
1248 2098 1327 2154 ullam
1344 2098 1506 2164 condiderit,
1522 2098 1565 2155 vel
1580 2098 1687 2170 quando
1710 2098 1826 2156 mundus

128 2210 135 2225 ·
173 2185 258 2250 timet,
273 2194 300 2242 ct
315 2186 394 2257 louge
406 2186 492 2258 magis
506 2187 587 2259 sapit,
599 2202 678 2259 quam
692 2186 720 2243 lvi
732 2189 840 2245 ceteris
855 2187 973 2259 pltiloso-
1023 2193 1057 2247 ah
1071 2206 1105 2247 eo
1119 2199 1225 2247 creatus
1235 2199 1287 2246 est.
1302 2190 1340 2246 hc
1355 2198 1470 2262 utroque
1483 2199 1572 2246 autem
1581 2200 1644 2245 ame
1658 2188 1824 2246 creationem

173 2279 234 2351 plris
246 2280 434 2351 sapientiores.
1024 2284 1116 2340 mundi
1141 2283 1193 2338 loe
1215 2293 1340 2354 nuquam
1369 2283 1552 2339 certissimam
1576 2281 1736 2338 constituit:
1760 2282 1826 2337 :inte

209 2370 328 2442 lienique
342 2386 396 2427 novt
409 2372 548 2428 minimam
562 2372 651 2430 atltae
669 2388 700 2429 ca
715 2372 874 2430 Tertulliani
888 2373 971 2430 verba
1024 2378 1110 2432 orrrnia
1128 2374 1200 2431 Petra
1220 2385 1276 2431 orat
1292 2374 1374 2443 solas,
1387 2379 1444 2447 ipse
1460 2376 1508 2430 ridi
1528 2375 1648 2443 pravidos,
1664 2385 1688 2431 ot
1705 2375 1786 2444 loeas,
1801 2385 1826 2431 et

174 2460 275 2518 hahent
291 2462 487 2533 dilllcultatem,
503 2464 601 2534 quihus
614 2465 687 2521 aliud
701 2466 924 2537 philosophorum
938 2467 973 2524 da
1023 2468 1120 2544 amaria.
1136 2468 1320 2534 Seinsantem,
1334 2469 1395 2540 poia
1406 2469 1471 2523 niitii
1482 2469 1554 2523 aliud
1568 2471 1723 2525 extrinsecas
1734 2480 1826 2540 praeter
1889 2477 1894 2482 “

174 2554 231 2611 [leo
252 2557 343 2612 muudi
367 2568 490 2613 creatore
510 2556 649 2613 dissidium
665 2559 767 2616 notavit
780 2577 787 2613 :
802 2557 897 2614 Totum
910 2602 918 2628 ,
933 2561 973 2616 in·
1023 2563 1107 2618 iilam.
1120 2562 1284 2617 Goetmtnsns
1296 2572 1355 2616 tnnc
1367 2561 1468 2632 paidom
1482 2560 1571 2627 salus,·
1584 2559 1689 2616 hahebat
1703 2562 1771 2616 eninr
1782 2578 1825 2616 se-

174 2650 241 2720 quit,
256 2649 304 2705 lroc
315 2651 404 2706 rttundi
413 2667 516 2722 carpas,
526 2652 578 2706 sios
587 2652 704 2707 innatum
713 2663 737 2708 et
748 2654 871 2726 inp'eotnm
884 2670 973 2710 seeun·
1024 2667 1092 2723 cam,
1103 2673 1180 2727 paam
1191 2655 1297 2710 itaieltat
1310 2654 1336 2708 in
1345 2639 1490 2726 semetipso,
1500 2657 1626 2709 rationein
1637 2655 1823 2710 srtarnscilicct.

175 2740 234 2795 dnm
249 2740 437 2815 Pptiraporam,
452 2744 504 2798 sine
515 2752 604 2797 natum
616 2755 639 2799 ct
653 2747 749 2816 factam
760 2746 899 2802 secundnm
911 2746 974 2802 tto·
1024 2750 1181 2818 Rationalis,
1193 2761 1216 2804 st
1228 2751 1295 2804 ratio
1309 2750 1335 2804 in
1347 2750 1404 2820 ipso
1424 2749 1506 2819 prius,
1518 2757 1542 2802 et
1552 2750 1590 2803 ita
1607 2749 1638 2802 alt
1649 2750 1704 2819 ipso
1726 2750 1823 2805 omnia.

174 2843 257 2890 tortam
273 2837 282 2904 i
296 2833 447 2890 Tertullian.
459 2834 604 2907 Apoiopat„
618 2852 677 2908 cap.
693 2838 737 2904 ll,
751 2856 779 2908 p.
792 2838 868 2911 352).
884 2838 970 2907 Quam
1026 2844 1092 2913 eroe
1102 2845 1168 2900 ratio
1180 2859 1270 2899 sensns
1281 2843 1363 2912 ipsins
1374 2851 1419 2897 ost.
1438 2841 1513 2896 llane
1528 2841 1611 2899 Greci
1624 2846 1689 2915 tipo
1711 2843 1823 2914 dicant,

174 2927 244 2984 enim
256 2938 360 2984 certum
370 2938 413 2985 esa
425 2928 495 2985 hanc
505 2928 540 2985 tle
552 2930 653 2987 mundo
661 2940 755 2987 creato
766 2932 860 3001 luisse,
871 2942 900 2989 ιιι
910 2934 974 2992 alibi
1024 2955 1076 3010 qno
1087 2939 1209 2994 sarainlo
1223 2937 1300 2992 stiam
1312 2951 1452 2991 serrtsonena
1464 2935 1633 3005 appellantes.
1647 2934 1825 3009 ldeotpnejam

175 3022 352 3091 ostendimus,
370 3021 490 3078 Platonis
501 3017 668 3092 opinionem,
684 3033 736 3079 tam
750 3024 847 3082 salsum
865 3027 972 3084 videtur
1024 3031 1052 3087 in
1068 3047 1117 3086 nsit
1135 3042 1172 3084 ert
1191 3039 1335 3084 nostrornm
1350 3044 1394 3098 per
1407 3027 1595 3099 sintptieitatem
1610 3030 1826 3098 interpretationis

174 3114 353 3188 Pythagoram
387 3116 513 3173 docuisse
537 3117 609 3172 illum
645 3117 765 3175 ivrnatam
794 3131 821 3176 et
842 3121 968 3178 iniectum
1024 3136 1165 3176 amatorem
1183 3118 1266 3173 dicere
1279 3117 1306 3172 in
1327 3117 1467 3188 printordio
1479 3117 1550 3186 apud
1561 3117 1644 3172 Deam
1664 3119 1751 3191 puisse,
1767 3136 1826 3174 curn

174 3207 268 3264 luisse.
282 3207 348 3263 Natta
366 3208 464 3265 ilridem
490 3206 693 3264 observavimus
707 3227 722 3264 a
738 3211 876 3268 Lactantio
888 3211 968 3269 adm-
986 3218 1009 3281 C
1025 3214 1110 3286 mapis
1121 3213 1246 3267 ratimtem
1261 3195 1386 3282 competat
1397 3211 1565 3281 antiquiorem
1579 3211 1665 3265 habai
1673 3227 1684 3276 ;
1701 3214 1762 3282 qaia
1774 3228 1826 3266 nan

175 3310 248 3355 mate
266 3301 433 3371 pronuntiari
455 3317 552 3360 omtres
567 3303 601 3359 ad
622 3303 768 3375 Epicurum
783 3304 970 3377 philosophos,
1023 3307 1201 3363 snntonoiisa
1218 3306 1353 3376 principio,
1376 3304 1564 3361 sedrationalis
1579 3303 1652 3360 Dens
1669 3306 1745 3360 etiarn
1767 3316 1826 3361 ante

176 3407 210 3449 ae
229 3393 385 3449 nominatim
410 3395 618 3469 Pythagoricos,
643 3405 798 3454 constanter
818 3399 973 3456 adseruisse
1024 3403 1197 3476 principiam,
1217 3400 1382 3471 mpmaipse
1400 3414 1500 3470 qnopus
1519 3399 1715 3454 sermoratione
1737 3401 1824 3455 eonsi-

175 3485 308 3541 munaum
320 3501 380 3542 esse
393 3486 491 3544 lactum
506 3498 533 3546 et
546 3491 687 3562 creatum(
703 3488 841 3546 Dissertat.
859 3494 887 3547 in
907 3491 973 3547 Lae·
1024 3504 1103 3563 stens,
1114 3493 1223 3565 priorem
1238 3491 1520 3560 commonicionem
1534 3506 1618 3558 sumta,
1632 3493 1759 3546 ostendat.
1775 3490 1826 3545 Pa-

178 3585 256 3642 tent,
267 3593 325 3649 cap.
340 3579 386 3647 ll,
398 3588 447 3634 art.
461 3579 511 3654 Ξ).
536 3582 701 3650 Quinetiam
717 3582 876 3641 Plutarchus
888 3584 974 3641 discr·
1025 3601 1082 3641 rnen
1096 3599 1120 3640 at
1136 3585 1183 3648 sie,
1194 3586 1259 3639 nihii
1274 3585 1387 3638 atterrat.
1403 3582 1474 3638 Nam
1488 3591 1512 3637 ot
1525 3585 1547 3639 si
1560 3582 1629 3639 Desa
1643 3584 1757 3639 nandum
1773 3599 1827 3638 ser-

179 3671 284 3727 tissimc
307 3672 428 3730 declarat
450 3674 574 3732 camdem
597 3675 680 3732 inisse
709 3676 867 3749 Pptltaporae
893 3686 974 3749 attpne
1025 3695 1125 3734 atonem
1134 3695 1210 3734 stram
1220 3679 1333 3744 miserat,
1349 3677 1458 3750 proinde
1471 3693 1529 3732 enm
1543 3694 1602 3732 eunt
1613 3678 1671 3750 ipsa
1685 3687 1710 3732 et
1721 3678 1748 3731 in
1767 3677 1826 3749 ipra

176 3762 298 3819 Platonis
309 3778 341 3821 ea
355 3765 389 3821 de
400 3781 430 3821 re
442 3767 615 3822 sententiam.
633 3768 673 3823 Eu
693 3783 780 3841 greca
797 3769 856 3840 ejvts
871 3770 950 3828 verba
966 3788 973 3825 a
1025 3774 1125 3830 rotiana
1138 3774 1205 3828 intra
1224 3772 1386 3844 mnretipsnrn
1398 3771 1515 3839 moriat,
1544 3772 1620 3826 tacite
1640 3771 1786 3842 captando,
1802 3778 1828 3824 et

176 3861 975 3937 notapiparaolnlmoopmnrooiostimirtoalopas.Ppthapo·
1026 3868 1184 3940 disponendo
1198 3883 1291 3934 secum,
1310 3881 1366 3938 pum
1377 3880 1573 3937 persermonem
1592 3879 1652 3919 inor
1670 3874 1724 3918 mat
1744 3864 1827 3918 dictu·

176 3967 219 4007 ras
232 3962 254 4006 et
271 3950 348 4007 Plato
359 3951 483 4006 mnndum
492 3969 508 4006 a
518 3950 573 4008 ltro
588 3953 683 4024 [aarum
695 3955 814 4010 annitenti
826 3967 885 4011 anttt
896 3953 975 4030 (Pin-
1025 3976 1080 4017 rur.
1093 3960 1156 4016 Curta
1182 3959 1281 4014 ratione
1300 3959 1367 4014 enim
1380 3973 1428 4012 sna
1441 3957 1566 4029 capitana,
1582 3966 1658 4027 atquc
1673 3957 1825 4027 disponens,

177 4050 253 4108 tora,
270 4041 316 4099 lii.
327 4039 350 4098 ll
374 4043 406 4098 de
420 4041 507 4097 Placi.
524 4044 664 4115 philosop,
682 4061 741 4115 cap.
757 4046 784 4108 l,
800 4063 861 4118 pap.
885 4045 939 4102 886
952 4044 973 4121 l.
1026 4067 1165 4108 sernronetn
1193 4066 1251 4105 eona
1278 4048 1422 4121 efficiebat.
1448 4063 1524 4115 onam
1558 4062 1674 4103 rainone
1701 4046 1825 4102 tractabat

177 4129 246 4200 Quid
259 4133 503 4206 ergoilirravittte
516 4134 606 4191 atlhuc
620 4135 813 4204 Tertullianus,
829 4152 862 4194 ac
874 4154 975 4196 stentem
1026 4143 1205 4219 (Tertulliani.
1231 4143 1276 4198 tto.
1305 4141 1365 4195 ado.
1393 4139 1489 4203 Prae..
1514 4155 1573 4208 cap.
1602 4139 1650 4209 5).
1687 4139 1749 4195 liaec
1771 4154 1822 4194 an·

177 4224 338 4297 Pythagorae
364 4243 413 4298 pto
430 4227 485 4283 alio
500 4227 537 4282 ihi
553 4227 621 4298 ipse,
636 4227 679 4283 vel
694 4228 819 4286 librarius
834 4232 976 4303 scripsisse
1027 4246 1094 4305 tarn,
1108 4237 1159 4294 atsi
1175 4236 1254 4308 paulo
1278 4235 1409 4306 longiora,
1424 4231 1525 4287 ideirco
1546 4231 1648 4303 integra
1662 4231 1822 4296 retulimus,

177 4317 307 4376 dicendus
322 4318 381 4375 ⁰⁸2?
393 4317 526 4390 Numquid
540 4321 640 4391 potius,
655 4321 717 4392 tillia
731 4321 897 4394 delubri-sillia
917 4323 976 4392 phi·
1029 4331 1091 4401 qttia
1116 4329 1206 4384 omnia
1228 4326 1357 4399 singulari
1375 4323 1523 4380 attentione
1553 4330 1581 4380 et
1600 4324 1725 4381 stamine
1745 4323 1826 4394 digna

176 4411 305 4482 Iosephus
317 4411 350 4468 ab
364 4410 460 4468 eodem
474 4409 636 4478 Plutarcho,
650 4411 774 4480 Laertio,
792 4414 975 4484 Tlteodoreto,
1028 4432 1101 4479 sitin.

178 4514 207 4561 ct
229 4504 290 4560 aliis
316 4506 441 4562 docuisse
466 4505 623 4577 pcrltihemr
642 4505 772 4562 vanitatem
797 4521 858 4562 esse
884 4522 975 4563 rerum
1065 4513 1155 4568 Primo
1174 4512 1264 4581 itaque
1285 4508 1405 4565 declarat
1423 4507 1508 4565 Deum
1522 4518 1585 4564 ante
1605 4505 1783 4579 principium,
1798 4504 1827 4559 id

178 4602 301 4656 omnium
326 4603 499 4674 principium,
514 4613 594 4674 atque
609 4618 642 4659 ex
660 4604 781 4659 narreris
800 4602 890 4660 omnia
907 4602 1208 4675 lteri,1)cat,ahomni
1222 4601 1382 4667 eternitate,
1397 4615 1428 4656 ae
1443 4599 1541 4671 poinde
1554 4606 1697 4670 anmqaam
1710 4593 1827 4652 mundus

179 4695 246 4753 inde
266 4696 367 4753 hoctor
387 4708 479 4755 nester
499 4697 594 4753 conimi
617 4712 697 4768 posse
717 4698 820 4769 putavit
835 4698 976 4765 arandum,

178 4788 249 4844 sicut
264 4789 390 4846 tmitatem
415 4801 442 4846 ct
453 4805 591 4859 nutrieras,
607 4805 656 4845 uec
665 4799 754 4858 ortum
767 4789 849 4846 iuvisse
862 4808 912 4847 nec
925 4791 980 4848 hrc-

179 4890 237 4937 lum
257 4879 352 4953 (idem
372 4882 447 4950 iiia,
478 4881 522 4938 tii.
542 4881 581 4948 ll,
605 4897 664 4951 cap.
682 4883 709 4939 ὅ.
735 4881 820 4937 Laert.
849 4881 895 4937 tio.
908 4881 977 4951 llll,

181 4974 265 5048 §am
280 4973 434 5030 Titeodoret.
448 4991 523 5031 sertor.
546 4973 565 5029 2
583 4974 614 5028 de
638 4973 764 5045 principia
780 5014 788 5041 ,
814 4990 875 5046 pap.
891 4973 945 5031 tea
955 4975 979 5049 )i

180 5068 236 5125 Sed
248 5070 270 5124 si
285 5070 323 5125 ira
338 5083 383 5125 res
397 5084 427 5125 se
441 5067 549 5134 haheat,
562 5067 637 5123 citati
648 5067 664 5123 a
677 5067 754 5124 nohis
766 5076 891 5124 auctores
905 5082 980 5124 erro·

181 5161 219 5218 ris
234 5162 327 5232 procul
338 5159 422 5217 dubio
432 5159 638 5217 convincentur.
650 5157 785 5232 Numquid
793 5160 873 5232 igitar
883 5163 981 5232 proha-

180 5253 264 5311 hilivts
278 5254 331 5310 dici
345 5261 435 5326 potest
449 5253 630 5325 Pythagoram
644 5253 794 5309 errantium
808 5267 884 5309 more
894 5253 921 5310 ia
936 5269 984 5310 ea·

181 5348 244 5405 dem
265 5364 318 5405 non
338 5349 522 5420 permansisse
543 5348 697 5404 sententiat
712 5346 775 5403 llac
787 5347 869 5404 velim
881 5362 983 5419 erpen-

181 5442 241 5510 dar,
256 5450 281 5498 ct
296 5442 465 5514 pronunties.
650 5443 658 5456 '

219 5531 303 5591 llulto
328 5536 419 5608 itaque
443 5534 537 5591 verius
558 5534 712 5606 certiusque
736 5532 801 5589 illud
829 5541 886 5600 est,
911 5534 982 5605 quad

182 5611 285 5686 Auctor
297 5626 518 5692 nostertradtain
534 5626 663 5684 mundum
676 5640 710 5682 eit
722 5625 805 5681 nihilo
817 5625 833 5680 a
845 5626 900 5681 heo
913 5642 984 5683 crea·

184 5732 255 5786 tum,
278 5723 352 5778 aerio
377 5739 429 5795 aaa
451 5722 546 5798 jaasia·
572 5721 670 5775 ratione
698 5735 750 5790 qua
772 5717 916 5790 disposuit,
932 5720 981 5775 oir-

184 5822 238 5871 tute
257 5831 308 5886 aaa
334 5816 416 5889 potnit
450 5814 628 5890 (Tataiiinn.
666 5809 825 5892 Apoiapet.,
850 5828 909 5887 cap.
937 5812 983 5884 li,

1031 4703 1180 4763 crearetur,
1196 4691 1278 4748 luisse
1291 4700 1317 4747 et
1330 4690 1417 4747 solum
1430 4700 1459 4747 et
1471 4706 1525 4746 non
1540 4689 1721 4746 solamente
1734 4686 1827 4743 maadi

1030 4786 1130 4859 qnippe
1143 4784 1306 4841 creationem
1319 4782 1393 4838 solus
1408 4790 1476 4849 evat,
1490 4782 1544 4853 ipse
1558 4781 1606 4836 silvi
1620 4779 1743 4846 notandas,
1756 4780 1826 4834 locns

1031 4888 1055 4935 et
1069 4877 1154 4935 cornio
1163 4893 1173 4944 ,·
1185 4876 1247 4948 quia
1268 4876 1333 4932 nihil
1349 4883 1491 4946 preverse
1509 4873 1678 4931 extrinsecus
1699 4873 1825 4930 habehat.

1033 4971 1102 5026 Turn
1127 4981 1215 5025 tamen
1231 4976 1351 5025 numerat
1361 4967 1446 5036 solas,
1457 4967 1518 5039 qnia
1531 4982 1607 5023 suam
1619 4965 1735 5022 habehat
1747 4967 1831 5022 ratio·

1033 5082 1106 5122 nem.
1120 5067 1189 5120 Ante
1202 5063 1361 5135 principium
1375 5063 1528 5128 cnintvero,
1547 5076 1594 5117 seu
1616 5076 1631 5115 a
1652 5069 1705 5116 tota
1719 5059 1828 5115 oeterni-

1034 5170 1087 5218 tate
1098 5158 1237 5216 rationalis
1251 5157 1317 5225 luit,
1330 5155 1546 5229 quandoquidem
1558 5156 1629 5212 heras
1642 5168 1767 5211 essenon
1783 5168 1832 5224 po-

1034 5263 1097 5322 test,
1112 5253 1163 5309 arisi
1177 5253 1212 5308 sit
1225 5266 1308 5308 sertsu
1321 5258 1349 5307 et
1362 5250 1467 5306 ratione
1481 5250 1620 5321 praeditus.

1070 5344 1204 5410 Secutmo,
1221 5341 1338 5397 divinam
1352 5340 1425 5396 illam
1439 5350 1622 5412 aeternamque
1638 5339 1687 5395 hei
1701 5339 1833 5395 rationem

1033 5437 1120 5509 preci,
1135 5434 1231 5507 inquit,
1260 5437 1325 5506 λόγον
1352 5433 1451 5500 dicarat,
1478 5431 1648 5489 hauddubie
1672 5430 1830 5504 quialoan·

1036 5544 1085 5586 nes
1108 5526 1245 5600 Evangelii
1267 5526 1308 5583 sni
1324 5526 1401 5582 initio
1424 5526 1550 5596 scripsit:
1567 5515 1601 5584 ἐν
1612 5534 1677 5601 ἀρχῇ
1691 5531 1720 5589 io
1734 5534 1747 5583 i
1760 5531 1838 5600 amor

1035 5621 1199 5695 (laenam,
1222 5622 1265 5694 l).
1293 5620 1361 5678 Nam
1391 5622 1450 5694 ipsc
1476 5621 1656 5679 Tertullianus
1689 5625 1747 5679 hacc
1777 5620 1840 5677 lati·

1035 5732 1071 5774 ne
1095 5717 1130 5773 ita
1158 5715 1266 5773 citarit:
1281 5714 1316 5772 ln
1338 5715 1465 5788 pnoeipio
1488 5724 1542 5771 nat
1560 5732 1702 5785 sermo....,
1715 5725 1835 5771 stsorrns

1036 5808 1381 5885 apndlieun,etllaasarat
1393 5806 1841 5884 sermotintnttianmdsdltrnn,
