4242 6259
324 286 374 347 ur
675 235 679 242 ¹
863 282 897 341 ru
914 279 1147 348 renrususur
1163 278 1429 342 srosoorrreuu
1917 283 1972 341 sn

323 403 487 479 suedorum
503 404 561 461 sire
569 401 702 461 unorum
713 441 722 470 ,
735 399 793 459 sire
809 400 944 459 mulorum
961 410 1056 457 naturu
1071 399 1118 458 de·
1130 410 1158 470 A
1170 411 1230 455 esse
1241 412 1342 469 eorpus
1354 396 1474 470 aliquod,
1494 410 1567 456 nuno
1587 411 1642 456 noo
1655 398 1778 471 litiqsbo,
1805 399 1888 458 modo
1903 401 1970 459 milri

325 498 500 565 terribilem
514 494 623 566 quidem
642 509 658 552 a
676 493 898 566 nobisprimuur,
912 502 941 552 et
952 491 1005 550 alia
1021 490 1120 551 deinde
1171 487 1336 548 emendatur
1348 490 1526 548 substantiam
1547 489 1838 561 inquiremusque
1862 494 1898 549 sit
1909 507 1970 550 cor·

322 585 589 661 qmqqngqqaquqr,
1171 597 1232 654 pus,
1250 596 1311 639 eam
1333 596 1395 639 esse
1417 595 1516 653 eorpus
1531 583 1573 638 sui
1596 582 1714 653 generis.
1728 587 1763 639 At
1774 587 1898 657 eorporis
1921 601 1970 643 no-

1171 677 1245 741 rnine
1259 691 1314 733 non
1327 674 1411 740 aliud,
1427 684 1457 732 ut
1470 675 1534 734 alibi
1547 674 1665 732 uidimus
1680 674 1690 748 (
1705 676 1755 732 loc.
1771 677 1842 748 eiu),
1869 679 1970 750 siqnid-

617 777 766 823 nnrreusus
784 779 815 821 rr.
1171 778 1224 834 eat,
1236 769 1287 824 nisi
1301 783 1358 825 rem
1371 768 1517 840 quamlibet
1536 770 1711 826 exsistentem
1737 779 1765 827 et
1787 786 1848 843 que
1861 774 1901 830 rei
1914 789 1968 832 non

1171 858 1323 926 exsistenti,
1338 866 1366 916 et
1388 859 1472 917 nihilo
1493 861 1647 931 opponitur.
1668 858 1765 918 Nonne
1787 865 1853 934 erqo
1878 864 1968 938 colligi

1171 950 1243 1007 baud
1262 951 1378 1009 absurde
1390 951 1454 1012 bino
1465 962 1554 1025 potest
1567 953 1642 1009 illurn
1655 953 1853 1013 existimarisse
1880 959 1970 1030 unqe·

358 1116 462 1178 ΜΝ,
483 1106 589 1162 mmm
602 1121 634 1160 a
647 1103 730 1174 pram
743 1101 855 1174 amus,
868 1110 891 1156 α
905 1100 1035 1154 hommum
1047 1097 1119 1167 mm.
1170 1045 1258 1101 iorum
1274 1056 1396 1102 naturum
1408 1061 1470 1103 esse
1482 1046 1726 1118 rneresprrrtalern,
1738 1061 1799 1121 qum
1807 1051 1969 1110 umenrdeo

1083 1189 1089 1201 ‚
1172 1151 1276 1208 eorpus
1291 1139 1333 1195 sui
1343 1140 1453 1211 generis
1464 1140 1556 1198 rotari
1571 1149 1672 1212 potest,
1685 1142 1814 1213 quianon
1828 1153 1871 1202 est
1887 1144 1966 1215 nibil,

357 1201 404 1253 bur
415 1197 537 1269 oriqiuern
551 1195 686 1268 difficultas
700 1209 709 1250 s
725 1194 757 1249 de
770 1190 914 1248 eorurndenr
928 1190 1071 1246 doeutonunr
1080 1206 1119 1292 ur·
1169 1244 1202 1287 ae
1216 1245 1309 1288 'evm
1323 1232 1446 1288 mmm

280 1323 284 1332 ·
358 1289 439 1355 uidim·
453 1305 504 1361 qur
515 1290 542 1343 iu
555 1289 696 1354 lroruinunt,
714 1284 806 1357 quibus
827 1281 921 1339 subditi
940 1291 1009 1349 suut,
1030 1296 1118 1357 perne·

356 1383 421 1442 mm
433 1382 591 1455 §mm
1207 1347 1310 1404 undem
1334 1346 1721 1420 punenrqnnenroeurndem
1735 1348 1966 1409 bardoniserro·

1169 1455 1228 1498 rern
1242 1440 1403 1512 impugnat:
1419 1439 1476 1508 Quo
1490 1441 1591 1513 rnnqir,
1610 1441 1715 1513 inquit,
1730 1441 1820 1515 Anqeb
1835 1459 1915 1514 nequ
1927 1444 1964 1499 ad

1170 1533 1329 1588 moriendum
1343 1548 1391 1604 pro
1403 1532 1475 1588 nobie
1488 1531 1618 1603 dumosi,
1634 1533 1732 1589 breuem
1744 1534 1829 1589 rurus
1840 1550 1969 1593 teruntu-

1169 1633 1225 1681 tunr
1241 1640 1292 1680 non
1309 1624 1448 1681 deiuerum
1460 1624 1587 1681 inurendo
1606 1625 1760 1697 runrprisre,
1778 1624 1838 1697 quio
1850 1641 1896 1681 nee
1909 1643 1967 1683 ruo·

1169 1717 1258 1773 riendo
1269 1717 1410 1789 deposituri
1421 1734 1476 1773 euru
1490 1721 1626 1791 iuuant...
1638 1719 1672 1775 st
1679 1728 1777 1774 rreotm
1785 1720 1849 1791 [neb
1857 1719 1967 1793 Anpdoe

1132 1811 1292 1881 Brpiritur,
1307 1819 1331 1866 et
1351 1811 1511 1883 apparitores
1530 1826 1591 1868 suot
1617 1811 1702 1883 ipnern
1719 1813 1888 1883 pnprnntent,
1914 1823 1968 1868 tarr

1169 1918 1227 1959 uere
1251 1903 1374 1974 spiritur,
1396 1919 1473 1972 quom
1498 1911 1522 1958 et
1543 1904 1627 1975 iqnern
1648 1904 1707 1959 illos
1728 1919 1784 1959 rere
1803 1905 1866 1978 [orit
1881 1902 1968 1975 (Ter-

1169 1996 1229 2054 tuil.
1244 1996 1289 2053 til.
1317 1994 1350 2054 ill
1368 1996 1468 2053 odone
1483 1995 1610 2051 dunen.
1625 2012 1684 2068 cop.
1701 1995 1740 2068 0).
1754 1997 1873 2054 Audisse
1886 2012 1967 2071 quum

1169 2097 1263 2160 aperte
1283 2087 1404 2146 deelaret
1418 2089 1546 2162 dnqelos,
1560 2089 1604 2160 qui
1625 2088 1739 2145 irumnna
1765 2087 1850 2144 formu
1868 2088 1902 2145 ab
1920 2104 1969 2161 pa·

1169 2180 1294 2237 trinreinis
1312 2181 1361 2237 risi
1383 2189 1455 2246 sunt,
1477 2188 1530 2236 tunt
1553 2195 1616 2236 uere
1635 2180 1746 2251 spiritns
1767 2179 1858 2247 lnbse,
1885 2195 1967 2252 quam

1169 2286 1260 2329 uerum
1283 2273 1334 2344 ipsi
1357 2273 1494 2329 lrorninurn
1525 2286 1633 2328 eurnern
1656 2272 1884 2344 assumpserunt?
1907 2272 1968 2330 lton

1167 2365 1276 2436 propriu
1291 2373 1380 2421 autern
1394 2380 1487 2422 eorum
1511 2373 1569 2421 erat
1592 2379 1672 2430 euro,
1688 2365 1736 2422 sed
1751 2366 1816 2436 ipsis
1829 2365 1863 2422 nd
1883 2366 1968 2425 brere

1170 2466 1276 2529 tempos
1299 2475 1315 2514 a
1343 2459 1400 2516 ileo
1422 2458 1496 2527 dats,
1511 2467 1541 2515 ut
1565 2473 1627 2515 corn
1646 2458 1800 2515 bominibus
1813 2460 1968 2516 corruersari

1169 2560 1280 2621 possent
1295 2558 1322 2606 et
1335 2550 1461 2623 oolloqui.
1478 2550 1536 2606 ilia
1551 2552 1641 2623 itaque
1655 2550 1773 2619 illorum,
1787 2566 1868 2623 quum
1880 2550 1969 2608 bonni·

1168 2656 1233 2699 nuru
1246 2652 1288 2699 est
1299 2642 1460 2708 substantia,
1476 2643 1601 2701 uidelicet
1610 2644 1768 2716 spiritualis,
1778 2659 1831 2718 qua
1844 2645 1968 2717 superio-

1168 2750 1213 2793 res
1226 2734 1378 2792 horninibus
1391 2751 1455 2793 rere
1467 2745 1531 2792 sunt
1543 2735 1663 2807 spiritus.

324 915 417 981 Utrum
426 915 601 978 Tertullianus
615 919 751 975 crediderit
763 915 921 988 spiritualem
935 930 988 971 erse
1004 913 1119 969 omniunt

358 1012 514 1085 Anpeiorurn
531 1021 555 1070 et
573 1012 716 1068 demonum
738 1019 856 1065 notorem
867 1024 876 1064 s
887 1015 982 1080 quatrio
1003 1022 1033 1061 eu
1047 1006 1079 1060 de
1092 1021 1120 1060 re

356 1585 437 1645 &am
464 1583 499 1643 de
512 1582 621 1656 Angelis
634 1590 662 1639 et
674 1580 843 1638 demonibus
855 1577 1060 1651 disputationem
1077 1575 1118 1633 lris

323 1677 507 1739 Tertullianus
522 1677 549 1731 in
563 1673 738 1746 Apoloqetioo
756 1672 845 1730 verbis
859 1672 986 1728 irretiunt:
1001 1668 1118 1728 Dieiruur

320 1769 538 1827 eturubrtuutior
551 1766 674 1839 qumdunt
688 1763 838 1838 spiritales(
853 1761 1006 1818 Tertulliano.
1020 1761 1117 1833 Apolo-

320 1870 371 1935 qet.
386 1876 445 1932 erp.
465 1858 510 1915 22.
525 1875 585 1930 pop.
600 1856 676 1928 404).
701 1854 729 1912 ln
744 1854 876 1927 superiori
900 1862 990 1909 autern
1004 1850 1118 1908 nrtieuio

319 1952 422 2009 dietum
438 1951 552 2008 uidimus
564 1950 598 2006 de
612 1948 709 2007 &runa
724 1947 930 2014 eminentissimo,
946 1957 976 2002 ut
989 1946 1048 2018 ipso
1069 1945 1117 2013 nit,

319 2046 485 2119 Arpeloruru,
498 2053 523 2101 et
534 2043 705 2115 Arrionpelo,
721 2042 793 2113 qood
812 2040 900 2097 abeo
925 2038 998 2095 liberi
1020 2037 1119 2094 arbitrii

319 2137 468 2195 constitutur
477 2138 520 2205 rii,
536 2145 564 2192 ut
582 2136 687 2207 spiritur
710 2133 806 2210 (idem,
822 2133 866 2189 tit.
881 2130 915 2188 11.
929 2132 1030 2186 aduers.
1043 2129 1117 2186 lior·

319 2231 388 2287 cion.
407 2245 466 2301 rep.
497 2229 535 2301 7).
547 2226 648 2285 Omnes
662 2241 726 2284 uero
740 2224 867 2297 Angelos,
889 2223 958 2280 sieut
973 2221 1018 2279 ille
1031 2221 1120 2278 adbuc

319 2324 412 2382 scribit
426 2320 507 2396 (ibid.
523 2322 568 2379 lii.
582 2320 627 2380 ill.
642 2337 700 2392 rap,
717 2316 757 2392 9),
772 2328 824 2374 mm
837 2333 894 2374 uere
905 2326 1003 2373 uerior
1013 2316 1119 2389 spiritur

320 2416 390 2489 serit,
401 2431 478 2487 quum
491 2431 507 2470 n
544 2414 650 2469 uritorer
661 2428 721 2470 ruor
742 2413 826 2483 iqneru
839 2411 990 2481 pioqrontenr
1003 2406 1116 2481 (eninr.

298 2547 301 2553 -
320 2506 383 2565 405.
393 2507 412 2571 i
424 2545 431 2561 .
442 2432 621 2564 suffire.
636 2502 726 2575 ill).
742 2500 882 2574 Nunquam
896 2501 976 2572 igitur
987 2498 1119 2556 dubitarit

320 2598 437 2672 anetos
460 2613 555 2655 omnes
568 2612 629 2656 esse
641 2595 761 2669 spiritus,
775 2608 808 2651 ao
820 2592 969 2667 spiritalem
982 2605 1044 2649 esse
1055 2592 1118 2648 lilo-

320 2703 381 2748 rum
394 2689 582 2747 substantiam.

356 2787 411 2845 Sed
439 2786 466 2843 in
493 2785 703 2843 controuersiam
726 2789 837 2839 vocator
856 2779 921 2853 quid
946 2779 993 2837 illo
1013 2778 1118 2851 spiritur
1610 2823 1616 2834 ,

319 2880 430 2939 nomme
442 2878 585 2952 intelligat,
599 2893 634 2934 urr
650 2876 827 2933 substantium
841 2873 875 2930 ab
889 2871 963 2931 omni
977 2887 1007 2931 re
1020 2886 1118 2942 eorpo·
1206 2850 1283 2907 Plura
1299 2852 1321 2908 ⁵³
1335 2852 1395 2924 00ῑὸ
1407 2851 1555 2920 desideret,
1571 2852 1641 2909 iliius
1656 2853 1688 2908 de
1701 2852 1894 2911 Resurrectione
1906 2869 1968 2909 car·

323 2986 371 3031 rea
385 2983 495 3044 promus
507 2971 672 3039 distinctum,
692 2967 735 3027 sei
748 2982 846 3039 eorpus
858 2963 964 3037 aliquod
988 2963 1117 3021 terruissi·
1169 2942 1211 2997 '¹⁵⁸
1225 2943 1323 3000 librum
1345 2943 1434 3014 00000
1447 2957 1474 3028 ἑ)
1495 2944 1531 3002 ibi
1552 2945 1662 3001 000000
1683 2945 1772 3018 legere
1790 2947 1888 3018 poterit
1907 2948 1969 3019 ejus

202 3105 204 3111 ,
319 3079 394 3123 mum
407 3062 673 3129 qqqqmffissimqm,
688 3058 760 3132 quoq
778 3073 886 3115 omnem
901 3055 1018 3114 hominis
1039 3070 1118 3126 3590.
1168 3035 1249 3091 verbn
1271 3053 1279 3091 :
1302 3035 1392 3108 Anqeli
1418 3036 1556 3107 aliquando
1583 3047 1702 3109 tunquam
1729 3038 1841 3093 ionuner
1861 3042 1968 3110 [uerum

318 3167 393 3215 etum
421 3155 515 3227 logias.
541 3153 596 3212 Nee
621 3152 731 3211 dilllteri
752 3151 860 3224 quidem
883 3127 1117 3223 possumusbano
1168 3125 1277 3193 mm·
1297 3137 1320 3181 ‘¹
1343 3126 1461 3195 ubendo,
1476 3137 1500 3182 θ’
1514 3129 1591 3200 pedes
1611 3128 1711 3184 00000
1727 3129 1879 3200 000ήο0000
1894 3145 1905 3183 ·'
1916 3130 1969 3185 ¹⁸¹1·

181 3251 190 3273 ⁸
306 3248 538 3322 'disceptationem
554 3261 607 3302 non
623 3258 703 3317 posse
716 3243 793 3299 iaeile
816 3258 833 3298 a
856 3256 989 3314 qnoquurn
1013 3239 1115 3296 dirimi.
1129 3215 1152 3279 C
1168 3234 1270 3274 mmmm
1293 3219 1360 3273 ‘'¹⁵⁸st
1373 3220 1508 3275 50040004
1529 3220 1700 3291 00006ῐο00
1723 3221 1794 3275 1000
1813 3222 1882 3276 itit·
1903 3222 1968 3278 tub·

316 3340 387 3412 Quid
401 3350 490 3398 lnnren
504 3339 539 3396 de
551 3338 602 3394 bae
615 3334 775 3394 Tertulliani
797 3334 884 3391 nostri
901 3332 1030 3405 opinione
1055 3346 1116 3390 oer-
1166 3312 1261 3364 “mma
1279 3307 1376 3383 (ldenq
1391 3311 1437 3366 Μ’·
1452 3313 1484 3366 d‘
1498 3311 1604 3367 RW·
1618 3327 1690 3402 ‘lsi'-
1712 3328 1770 3384 mli·
1798 3309 1834 3367 ⁶²
1846 3314 1867 3382 i·
1883 3312 1966 3381 0¹¹oe-

318 3436 372 3494 quq
387 3433 500 3507 „mrem
516 3431 611 3505 νοω),
623 3426 949 3501 θχριοωθιθῃωωωυς,
1166 3416 1230 3457 nnrn
1253 3411 1342 3458 autern
1366 3399 1446 3458 luerit
1468 3403 1511 3458 illu
1527 3403 1634 3475 propris
1655 3403 1810 3474 angelorum
1837 3403 1967 3461 substan·

353 3526 472 3583 primum
485 3525 575 3595 quque
586 3519 780 3579 menendum
794 3527 837 3576 e„
854 3516 990 3591 quomodo
1003 3516 1048 3575 ple
1068 3519 1115 3574 ad,
1165 3497 1201 3551 tia
1215 3505 1241 3551 ot
1255 3504 1361 3564 natura,
1372 3495 1422 3551 sub
1435 3495 1551 3552 irumnnu
1565 3496 1653 3568 elilqie
1666 3494 1836 3566 delitescens,
1852 3495 1967 3567 ipsemet

316 3629 412 3672 uersus
435 3612 588 3678 bmretieos,
613 3612 658 3683 qni
671 3620 838 3680 assumpturo
853 3623 869 3664 a
887 3606 996 3665 cbristo
1019 3623 1113 3666 uerum
1165 3585 1264 3643 ¹b¹d⁰¹¹¹
1278 3586 1318 3643 ⁸³⁰
1331 3587 1446 3658 “inm
1463 3604 1471 3641 ²
1488 3587 1578 3659 Anisa
1598 3587 1676 3658 Μ’
1693 3594 1813 3656 “imm
1834 3586 1963 3654 'mm’

318 3709 416 3776 eorpus
430 3702 575 3776 negabunt,
585 3700 714 3772 disputet,
740 3712 887 3770 eorumque
911 3698 1016 3755 rstettqq
1038 3713 1115 3756 emp.
1165 3677 1192 3732 in
1205 3678 1293 3734 eodem
1307 3678 1448 3734 substantio
1461 3680 1564 3752 spiritm
1577 3678 1707 3734 eurrrolern
1720 3680 1894 3735 troetrtiouenr
1905 3695 1966 3736 rur·

317 3810 387 3855 rem.
399 3793 525 3852 liuretici
550 3801 642 3850 autern
662 3791 703 3849 illi
716 3790 841 3862 exemplo
867 3790 1042 3861 Angelorum,
1067 3783 1113 3863 qiri
1165 3782 1287 3842 ‘sitibit‘
1301 3769 1408 3852 (md-i·
1420 3777 1455 3829 ‘³¹
1468 3776 1565 3847 quibus
1577 3774 1672 3831 ²¹⁰¹²b⁰
1687 3783 1722 3843 ¹⁶·
1737 3774 1966 3832 0¹³f5⁰iibl¹⁸lffi

315 3886 393 3955 oiirn,
409 3899 492 3942 carue
517 3883 635 3941 bumana
647 3884 745 3952 uestiti,
776 3882 935 3955 patriarchis
955 3882 1114 3955 appnruisse
1164 3863 1206 3921 ¹)ss
1217 3865 1329 3936 65040οῑ
1343 3867 1570 3937 0000οῑ00401θὸ
1585 3881 1647 3923 ieie
1660 3881 1721 3921 ⁹⁵5⁰
1734 3865 1854 3937 spiritur,
1868 3873 1896 3922 0²
1908 3865 1966 3935 spi·

315 3979 503 4054 perhibentur,
512 3975 664 4037 inferebant
676 3991 726 4034 nec
746 3991 850 4043 rernm,
866 3991 915 4034 nee
925 3986 1016 4034 natum
1029 3977 1113 4034 luime
1164 3954 1965 4059 01310090Νο0300010ΙΙῙΝῙΡΝΨΗΜῙΜΜΠΜ

316 4073 416 4131 Christi
428 4084 550 4130 earnem.
567 4073 602 4126 st
614 4068 796 4127 Tertullianus
807 4067 984 4141 Angelorum,
999 4083 1053 4126 uon
1067 4084 1114 4126 ue·
1164 4056 1300 4117 m³¹0¹¹aev
1314 4051 1502 4122 e⁸⁰⁰1l01552
1539 4063 1545 4076 “

319 4181 353 4225 ro
365 4165 466 4223 Christi
478 4179 589 4223 earnem
601 4173 692 4221 natam
706 4176 767 4221 esse
780 4161 930 4231 contendis
944 4162 1006 4233 quia
1020 4177 1074 4218 non
1085 4161 1113 4218 bi
1158 4225 1165 4236 ‚
1199 4161 1265 4229 Qum
1274 4163 1498 4235 porrobaotenus
1518 4166 1668 4233 retulimus,
1683 4165 1742 4224 bne
1762 4167 1797 4223 ud
1815 4182 1893 4236 enm,
1908 4181 1964 4239 qua

319 4256 368 4315 sed
380 4255 505 4315 Cbristus
519 4265 665 4321 natusest,
679 4266 709 4312 ut
722 4254 937 4327 orueidqeretur,
949 4269 981 4313 ne
992 4269 1113 4311 morere·
1163 4268 1259 4310 omnes
1273 4255 1369 4328 dnqeli
1391 4259 1475 4314 oresti
1498 4267 1570 4324 surrt,
1586 4267 1708 4315 natumrn
1733 4267 1866 4330 spectant,
1880 4274 1963 4330 quam

317 4363 362 4410 tur
376 4369 384 4408 s
400 4348 471 4407 Nam
483 4358 592 4418 coortu,
608 4349 705 4422 inquit,
719 4348 830 4420 Anneius
855 4363 958 4403 cernent
979 4363 1030 4403 nou
1052 4362 1113 4420 pro·
1164 4345 1210 4403 illo
1229 4347 1297 4406 sutis
1322 4359 1415 4422 aperte
1435 4353 1533 4408 asserit
1555 4368 1616 4409 esse
1640 4351 1799 4424 spiritalem,
1814 4352 1866 4409 nisi
1891 4352 1963 4408 lianc

316 4446 398 4520 priorn
412 4453 532 4517 putrere,
547 4450 576 4498 ut
588 4451 646 4513 pote
660 4452 766 4497 nuturor
777 4439 824 4514 (al.
840 4439 952 4514 nature)
966 4441 1113 4497 substantie
1163 4442 1323 4496 sententiam
1346 4442 1389 4509 iis,
1404 4459 1464 4515 quse
1477 4442 1512 4500 de
1531 4443 1620 4515 proris
1632 4444 1740 4515 Angelis
1754 4455 1782 4500 et
1794 4443 1963 4500 demonibus

316 4541 450 4614 spiritatis.
462 4539 508 4596 eni
532 4539 646 4610 eorporis
658 4538 779 4610 uicujue,
793 4521 932 4595 eui'unnn
944 4539 1063 4611 qenerie:
1085 4540 1113 4595 in
1165 4532 1293 4603 prodidit,
1314 4544 1439 4607 rarrqnarn
1458 4546 1516 4593 arra
1539 4535 1660 4608 qondam
1681 4536 1962 4610 religiosissimus

314 4638 513 4689 cernentar'ttenr
526 4627 792 4701 trunriquroiilerod
820 4636 930 4701 turrpur,
942 4640 970 4684 ut
989 4629 1069 4685 nider·
1088 4607 1151 4685 erl)
1165 4624 1283 4680 terrebris
1307 4624 1392 4682 odusa
1412 4626 1619 4684 obscuravisset.
1639 4626 1706 4685 Nnrn
1726 4644 1774 4685 eos
1788 4643 1883 4686 ornnes
1904 4642 1961 4685 uon

315 4723 434 4797 oonpredi
448 4738 506 4779 cum
517 4721 661 4778 trontiuibur
671 4728 784 4793 portent.
798 4718 918 4793 (Tertuit.
930 4719 975 4777 lii.
986 4721 1019 4776 de
1030 4718 1110 4777 Corn.
1164 4727 1242 4770 secus
1254 4730 1288 4771 ac
1298 4714 1383 4773 bonos
1393 4718 1510 4790 Angelos
1524 4727 1601 4774 uocat
1614 4719 1734 4789 spiritus.
1749 4717 1842 4790 Neque
1856 4717 1883 4775 id
1897 4732 1963 4790 pro·

316 4816 411 4872 Glrrirt.
424 4830 483 4885 erp.
499 4813 547 4887 0).
567 4812 678 4870 Fatetur
692 4827 767 4883 erqo
780 4811 830 4868 bos
846 4813 965 4885 Angelos
986 4828 1113 4883 assurnp·
1164 4807 1227 4864 butu
1245 4807 1363 4867 dillleile.
1378 4809 1436 4866 iarn
1453 4812 1525 4868 enirn
1543 4813 1713 4869 obseruatum
1728 4822 1770 4869 est
1789 4813 1823 4870 de
1836 4811 1964 4870 omnibus

315 4908 384 4964 sisse
410 4905 444 4965 ad
467 4915 573 4977 tempus
595 4905 739 4962 bunnunam
765 4918 894 4972 earnem,
917 4920 978 4976 qum
1002 4904 1111 4978 quidem
1162 4908 1312 4975 generarint
1335 4915 1388 4962 tarn
1419 4906 1507 4973 bonis,
1525 4923 1606 4979 quoru
1625 4908 1702 4964 malis
1726 4907 1837 4980 lingulis
1857 4907 1891 4962 ab
1913 4905 1964 4964 illo

314 5002 366 5060 etsi
394 5016 468 5065 reru,
495 5013 549 5057 non
569 4997 677 5071 propria
701 5004 790 5052 tannen
816 5007 876 5053 erat
902 4996 1008 5054 illorum
1034 5012 1108 5065 oaro,
1163 4995 1506 5068 scripturnzllieinruresre
1519 4998 1674 5055 substantias
1687 4999 1812 5071 quosdam
1821 4997 1963 5070 putria.

314 5095 388 5168 quit,
411 5091 451 5150 uti
468 5093 526 5165 ipse
547 5088 618 5147 baud
644 5087 799 5146 dubitanter
824 5087 962 5168 ailirmnt,
983 5071 1113 5162 spiritalis
1163 5087 1259 5147 Posten
1286 5107 1350 5148 uero
1372 5103 1400 5147 et
1420 5092 1509 5149 udlrue
1535 5092 1714 5165 expressius:
1741 5092 1830 5149 Oninb
1852 5090 1964 5162 spiritur

314 5195 465 5244 esseorum
489 5182 649 5242 substantia.
663 5179 763 5239 llerurn
783 5182 909 5254 quonium
931 5183 974 5241 uel
987 5184 1046 5257 ipse
1066 5186 1111 5246 rel
1162 5181 1227 5250 uter,
1248 5182 1296 5237 irre
1307 5191 1332 5238 et
1346 5182 1437 5255 dnqeli
1450 5194 1474 5239 et
1494 5185 1622 5242 wuroner
1636 5182 1732 5257 (idem,
1748 5181 1881 5254 Apntoqet.
1896 5198 1962 5254 erp.

313 5278 359 5335 alii
371 5276 487 5335 dubitari
506 5290 585 5349 posse
608 5273 789 5347 opinabantur
800 5284 890 5332 utrum
899 5276 1009 5348 aliquit,
1021 5286 1051 5334 ut
1062 5293 1107 5335 su·
1161 5273 1208 5342 22,
1221 5292 1247 5346 p.
1261 5275 1340 5348 404).
1358 5276 1462 5335 Rursus
1474 5287 1563 5344 autern
1583 5279 1699 5351 :Anqeli
1716 5287 1740 5332 et
1753 5278 1880 5332 demum
1900 5274 1964 5331 rui-

313 5366 619 5443 periusannotarirnus(
632 5383 705 5443 supr.
725 5366 874 5438 eop.7.nrt
897 5367 939 5442 b).
961 5363 1035 5428 esset
1054 5386 1113 5429 nne-
1159 5369 1254 5424 rrurrtia
1271 5369 1376 5442 ριηίηιι·
1392 5370 1497 5440 spiritur
1522 5369 1612 5443 (ibid.
1625 5368 1746 5444 cupii,
1761 5386 1787 5426 e.
1800 5367 1875 5441 400).
1889 5367 1961 5424 Pra-

313 5461 388 5519 diunr
402 5459 474 5516 inter
494 5470 591 5530 eorpus
602 5468 629 5515 et
643 5457 731 5526 nibil,
745 5456 808 5514 bine
820 5458 865 5515 iile
884 5474 919 5516 ue
932 5458 1020 5518 nttnrn
1029 5463 1112 5521 enril·
1161 5473 1255 5515 rorurn
1269 5476 1376 5533 quoque
1387 5462 1549 5534 Angelorum
1563 5462 1702 5534 prirroepr,
1718 5463 1816 5535 dequo
1831 5463 1859 5518 iu
1877 5474 1963 5533 supe-

313 5550 386 5610 iundi
397 5549 485 5609 luouru
495 5549 637 5624 pmberet,
653 5548 690 5606 ibi
709 5549 818 5621 odjeeit,
832 5549 881 5607 eur·
902 5552 1017 5624 eorporis
1029 5552 1110 5609 alieri·
1160 5550 1225 5608 riori
1239 5550 1353 5609 articulo
1364 5552 1499 5621 diximus,
1513 5555 1589 5611 abeo
1604 5562 1728 5620 vocatur,
1741 5553 1848 5625 spiritur
1861 5553 1963 5608 διηυ-

309 5645 366 5716 jur,
384 5643 425 5700 rui
438 5651 523 5700 tamen
536 5640 646 5714 peneus,
659 5640 772 5715 perinde
784 5639 1039 5702 aesidixissetzsi
1049 5644 1110 5715 quis
1160 5646 1241 5701 nisce
1262 5656 1287 5703 et
1307 5646 1429 5721 unpeiroe
1440 5657 1571 5721 prroturu
1587 5646 1670 5722 (titt.
1690 5665 1751 5722 erp.
1769 5648 1817 5719 27,
1831 5665 1856 5704 e.
1877 5647 1959 5720 tte),

312 5731 477 5802 pertinacius
498 5730 643 5792 contendat
664 5746 774 5793 omnem
795 5733 906 5795 ommno
929 5733 1109 5797 substantium
1159 5737 1189 5800 id
1209 5747 1260 5811 est,
1283 5740 1405 5815 spirituo,
1424 5741 1472 5816 qui
1489 5739 1643 5830 demeum
1654 5751 1685 5804 et
1695 5741 1862 5818 melomm
1877 5737 1965 5799 babet
