4242 6259
182 357 236 418 on
793 332 1213 411 onnusnuouro'nmun.
1485 402 1491 409 .
1780 351 1835 420 ιιι

182 484 210 533 et
221 475 248 532 in
262 487 342 532 usuro
354 469 479 547 loquelae'
488 469 685 537 disseminare,
699 466 760 542 qnae
778 468 850 526 nulla
864 483 980 540 unquam
993 469 1021 531 Α
1034 471 1138 537 tinnus,
1152 484 1212 526 earn
1237 468 1371 528 conveni:
1386 486 1437 530 our
1455 469 1538 529 alium
1553 470 1661 543 colens,
1677 467 1763 534 Deum
1786 491 1837 533 no-

180 585 260 628 meos
272 574 455 639 conceperat,
474 574 522 622 aut
541 564 632 638 tropon
644 563 810 638 protulerat,
836 570 884 618 aot
906 561 982 618 auris
1033 561 1135 616 minati
1150 562 1221 629 Cur,
1233 576 1295 620 cum
1311 563 1510 622 maledicendos
1522 565 1632 637 spiritus
1644 566 1765 634 denotat,
1778 568 1835 627 dae-

181 658 342 732 exoepcratl
356 657 392 714 At
403 655 475 715 euim
488 672 570 729 quum
579 655 680 713 diuinae
687 654 848 725 scripturae,
857 668 918 725 quoe
929 666 979 724 pu·
1032 654 1123 709 monia
1140 655 1317 725 pronuntiati
1328 654 1385 714 Cur
1396 656 1430 714 ad
1444 657 1545 716 coelum
1559 660 1791 734 contmtaturle),
1806 672 1836 720 et

181 756 292 809 ncs‘nos
302 750 343 808 uel
352 748 460 807 tudens
472 756 545 814 sunt,
558 748 585 805 iu
598 762 713 820 qnorum
725 746 765 818 (ι)
776 745 894 803 oleastro
907 744 982 800 insiti
1031 747 1066 804 ad
1075 758 1174 806 terram
1187 748 1355 808 detestaturi
1367 749 1423 808 Cur
1436 752 1498 810 alibi
1510 752 1610 820 seruit,
1622 752 1685 811 alibi
1698 753 1833 813 uindicem

180 859 288 912 snmus,
302 837 862 929 multosoecularibirslitterisnonmodica
876 846 979 892 tantum
1031 843 1158 899 eonueoit
1178 843 1238 915 (ill
1256 845 1311 900 Cur
1332 844 1367 902 ds
1391 846 1505 903 mortuis
1529 846 1650 918 judicati
1672 847 1728 905 Cor
1750 850 1834 906 verba

179 943 260 992 atate
273 935 363 1006 aliqua
374 932 551 999 antecedant,
566 940 597 989 ut
609 932 672 988 loeo
697 945 747 986 sno
763 928 924 987 edocuimus
943 927 978 986 ud
1032 931 1115 989 babet
1139 933 1370 1002 Christianorum,
1394 952 1463 1009 quos
1482 952 1517 995 ne
1531 937 1571 1011 (l)
1585 938 1691 996 auditos
1705 939 1833 1014 uirosque

180 1029 261 1086 noem
278 1042 374 1088 earum
397 1025 635 1085 demonstrandam
651 1041 658 1090 ;
676 1023 727 1080 etsi
755 1022 813 1081 bueo
825 1023 931 1095 eloquia
944 1021 979 1078 de
1031 1025 1113 1083 nult?
1126 1026 1181 1084 Cur
1195 1038 1242 1085 rut
1263 1029 1343 1087 nobis
1356 1029 1431 1087 dedit
1455 1045 1488 1087 ea
1502 1031 1604 1098 verba,
1629 1041 1677 1089 out
1699 1033 1834 1104 recepita

176 1122 278 1180 lionoris
291 1120 537 1194 usurpavitanime,
549 1120 642 1191 utique
654 1118 689 1175 de
701 1118 802 1175 nostris
813 1116 984 1195 erodendum
1031 1119 1132 1176 nobis?
1145 1120 1199 1176 Cur
1208 1128 1255 1177 aot
1267 1119 1381 1190 docuit,
1402 1129 1450 1179 aut
1462 1122 1573 1181 didicit?
1590 1123 1748 1196 Suspectam
1764 1124 1834 1181 habe

178 1215 240 1281 erit,
253 1228 307 1270 uon
320 1213 355 1270 de
367 1213 463 1294 restris
474 1212 551 1284 :quoia
559 1209 665 1283 potiora
677 1218 741 1266 sunt
749 1208 783 1265 ad
793 1208 977 1267 instruendum
1032 1210 1074 1283 (5)
1088 1212 1306 1270 convenientiam
1329 1212 1529 1287 nundinationis
1549 1215 1576 1271 in
1598 1223 1671 1271 tanta
1692 1216 1833 1274 disconve-

177 1306 296 1362 animam
310 1307 419 1377 priora,
434 1318 514 1376 quam
537 1312 739 1375 postera,qnae
752 1311 780 1358 et
801 1301 887 1373 ipsaa
906 1300 979 1372 prio·
1032 1302 1136 1359 olentia
1147 1305 1371 1361 conuersationis.
1385 1305 1479 1362 lanus
1491 1320 1537 1375 es,
1551 1305 1573 1363 si
1587 1304 1651 1363 boio
1669 1306 1768 1380 linguae
1780 1308 1833 1364 soll

179 1400 256 1457 ribus
270 1400 366 1456 instrui
381 1397 551 1456 sustinebant
561 1395 599 1471 (α)
610 1413 618 1463 ;
631 1411 703 1462 com,
718 1395 769 1452 etsi
779 1395 814 1452 de
827 1395 924 1451 uestris
939 1394 980 1449 in·
1034 1406 1084 1453 aut
1096 1411 1210 1469 praseae,
1227 1413 1288 1470 quae
1300 1398 1459 1470 propinquae
1481 1397 1551 1455 inter
1576 1414 1607 1457 se
1627 1398 1760 1457 habetitur
1773 1400 1831 1474 (p),

176 1501 306 1561 sportam
316 1490 508 1556 concedamus,
515 1489 549 1544 ad
558 1489 689 1559 originem
704 1497 793 1544 tamen
805 1485 978 1558 principalem
1032 1490 1171 1560 reputabis
1188 1489 1337 1561 ejusmodi,
1355 1499 1384 1544 ut
1397 1505 1478 1561 nepes
1492 1500 1594 1547 natura
1617 1491 1829 1549 uniuersitatem.

177 1583 288 1642 traditio
301 1585 452 1657 pertineat,
478 1590 655 1653 nostrumque
674 1580 785 1637 omniuo
808 1579 861 1646 sit,
889 1577 977 1649 nood-
1029 1578 1090 1636 Non
1104 1580 1209 1637 Latinis
1223 1595 1273 1638 neu
1290 1581 1396 1652 Argiuis
1408 1581 1474 1637 solis
1497 1582 1586 1637 arrima
1609 1582 1726 1640 deooelo
1747 1582 1829 1640 endis

176 1692 283 1748 uroque
306 1676 341 1733 de
366 1674 466 1732 nostris
489 1673 637 1745 sumpsisse
659 1681 687 1728 et
699 1670 842 1728 tradidisse
866 1669 979 1742 contigit
1029 1673 1154 1729 Omnium
1175 1674 1296 1746 gentium
1320 1672 1603 1749 rrnosbomonomen
1626 1685 1669 1732 est
1686 1675 1752 1749 (6),
1778 1692 1830 1733 ona

178 1770 266 1827 subis.
291 1766 368 1839 Quod
389 1782 450 1823 euin
467 1767 502 1822 ita
516 1766 570 1833 sit,
589 1779 642 1821 non
658 1765 772 1820 multum
794 1762 899 1833 relect,
914 1777 977 1819 ana
1030 1766 1121 1822 anima
1134 1809 1141 1834 ‚
1156 1767 1229 1823 uaria
1242 1782 1305 1834 uox,
1318 1780 1388 1823 uuus
1401 1766 1530 1838 spiritus,
1543 1767 1634 1824 rarius
1646 1781 1729 1824 sonus
1742 1784 1750 1836 ;
1765 1783 1829 1840 pro-
1920 1742 1948 1783 “¹

92 1882 99 1891 ¹
178 1863 235 1921 Duo
250 1861 364 1919 lormata
385 1859 421 1915 sit
444 1858 541 1914 animae
555 1856 720 1914 conscientia
731 1897 739 1923 ,
752 1872 785 1911 au
800 1854 897 1913 litteris
918 1855 977 1911 Dei.
992 1834 1017 1894 Β
1033 1858 1089 1929 pria
1105 1858 1202 1929 cuique
1214 1859 1286 1930 penti
1302 1858 1424 1930 loquela,
1439 1858 1487 1915 sed
1500 1859 1613 1932 loqrrelre
1634 1860 1746 1917 maceria
1758 1876 1833 1917 00⁰1.

178 1954 248 2025 Quid
261 1953 341 2026 igitur
351 1952 402 2017 uis,
417 1949 513 2017 borno,
529 1947 564 2005 de
586 1947 710 2004 burnonis
722 1945 864 2005 sententiis
878 1945 980 2002 littera·
1032 1952 1133 2008 munis.
1146 1953 1217 2009 bens
1238 1952 1337 2024 ubique
1348 1951 1399 2028 (ιι),
1412 1962 1441 2009 et
1450 1953 1557 2010 boninus
1571 1952 1619 2011 Dei
1640 1955 1757 2025 umqum
1773 1955 1832 2011 dae·

178 2055 359 2104 formosarum
373 2043 464 2104 ceree
486 2040 583 2099 oecon
598 2053 663 2098 usos
679 2036 977 2113 lilcomuuniscatto·
1032 2047 1153 2103 monrun
1180 2045 1297 2118 uosque,
1323 2056 1351 2113 eu
1380 2045 1534 2103 mureurcuo
1557 2046 1685 2103 ueneno
1712 2046 1833 2119 unoquo.

179 2140 308 2200 sitateoni
1030 2137 1124 2211 judicii
1140 2137 1223 2194 diuini
1240 2136 1375 2193 invocatio
1388 2137 1502 2210 ubique,
1515 2151 1589 2194 mors
1600 2137 1710 2211 ubique,
1725 2147 1753 2195 et
1767 2153 1833 2196 uon·

490 2228 604 2295 CAPUT
623 2228 670 2286 Vl·
1033 2231 1145 2287 scientia
1160 2229 1255 2287 mortls
1266 2229 1366 2302 ubique
1379 2239 1406 2287 et
1421 2230 1603 2287 testimonium
1619 2230 1728 2304 ubique.
1739 2232 1833 2289 Omnis

218 2324 305 2384 Crede
324 2323 415 2396 ltaque
444 2323 515 2393 tuis,
540 2333 566 2380 et
595 2321 629 2378 de
657 2320 858 2378 commentariis
880 2319 980 2376 nostris
1046 2323 1137 2378 aurinia
1154 2322 1618 2395 suojureproelamat,quarrrobis
1631 2339 1665 2382 ne
1679 2323 1720 2398 (7)
1735 2326 1834 2383 mutire

182 2428 261 2476 lanuto
281 2418 365 2490 magis
386 2415 467 2473 crede
491 2415 610 2476 diuinis.
637 2413 686 2471 sed
713 2412 748 2469 de
775 2396 871 2468 atrimae
896 2410 980 2482 ipsius
1033 2415 1200 2474 conceditur.
1224 2415 1319 2474 lierito
1343 2416 1423 2490 igitur
1435 2417 1524 2474 omnis
1541 2417 1630 2474 anima
1656 2432 1700 2477 rea
1714 2427 1742 2475 et
1758 2420 1835 2476 tertis

182 2510 298 2568 arbitrio
321 2508 431 2582 perinde
452 2500 533 2566 crede
554 2516 667 2564 natura.
683 2504 760 2576 Elige
781 2519 860 2577 quam
883 2519 915 2560 es
939 2502 982 2558 bis
1034 2520 1087 2578 cst,
1108 2510 1135 2566 in
1155 2518 1256 2566 tantum
1277 2519 1303 2566 et
1318 2525 1363 2566 reu
1378 2510 1495 2579 erroris,
1517 2511 1544 2567 in
1558 2522 1687 2581 quantum
1701 2512 1742 2587 (ιι)
1756 2513 1832 2569 reseis

182 2604 289 2662 fidelius
302 2602 343 2676 (2)
356 2616 479 2659 sororem
494 2600 623 2656 observes
635 2597 758 2655 veritalis
771 2598 822 2670 (c).
832 2595 865 2670 ,Si
880 2595 914 2652 de
930 2595 982 2651 tois
1018 2653 1020 2655 ,
1034 2601 1177 2668 veritatis3
1190 2611 1217 2659 et
1231 2601 1313 2657 stabit
1323 2611 1386 2659 ante
1402 2602 1478 2658 aulas
1492 2601 1536 2675 (i)
1550 2602 1597 2660 [lei
1611 2603 1775 2681 dieiudicii,
1793 2602 1833 2678 (9)

183 2699 281 2757 litteris
290 2697 413 2765 dubitas,
431 2711 519 2769 neque
534 2695 614 2759 lleus,
628 2707 716 2765 neque
726 2699 820 2747 natura
836 2689 980 2746 mentitur:
1035 2690 1102 2747 niluil
1119 2690 1222 2750 babens
1232 2691 1334 2749 dicere.
1350 2694 1433 2750 [teum
1448 2693 1623 2765 predicatus,
1645 2706 1672 2753 et
1685 2712 1737 2753 oon
1747 2699 1835 2770 requi·

184 2801 354 2851 uretnaturae
364 2800 392 2848 et
401 2791 456 2847 beo
465 2787 581 2855 credas,
601 2786 682 2843 crede
696 2788 794 2841 animae
805 2801 813 2851 ;
826 2784 861 2840 ita
876 2782 939 2850 llet,
954 2791 985 2839 ut
1036 2782 1132 2851 rebam
1146 2782 1279 2840 demonia
1297 2770 1514 2855 abominabaris,
1528 2795 1555 2841 et
1570 2785 1613 2842 illa
1625 2786 1772 2856 adorabas,
1786 2788 1833 2860 iu·

183 2904 209 2949 e:
226 2889 272 2946 tibi
286 2888 394 2946 eredas.
410 2886 457 2942 llla
470 2893 544 2942 eertc
554 2891 606 2949 est,
620 2896 700 2953 quarn
717 2879 783 2936 tanti
799 2876 875 2943 lueis,
891 2891 984 2949 quon·
1036 2877 1136 2935 dicium
1152 2878 1199 2936 Dei
1213 2878 1388 2951 appellabas,
1411 2894 1462 2935 nee
1476 2894 1538 2936 esse
1560 2880 1712 2948 eredebas;
1728 2881 1833 2939 iolerua

183 2993 240 3043 tum
257 2982 298 3055 (ὅ)
319 2981 365 3038 ills
378 2990 405 3037 te
417 2978 505 3041 lacit:
520 2977 599 3048 cujus
610 2990 641 3032 es
653 2984 744 3040 totus;
759 2986 818 3043 qus
832 2970 879 3027 tibi
893 2970 983 3026 omnia
1036 2971 1167 3043 supplicia
1181 2970 1380 3044 praesumebas,
1394 2979 1422 3028 et
1435 2985 1488 3027 non
1501 2973 1689 3043 procumbam
1704 2974 1836 3033 Christia-

188 3075 318 3143 cst;sine
335 3087 387 3144 qua
411 3086 463 3128 neo
485 3070 577 3126 risere
599 3076 675 3139 potes
699 3079 751 3120 nec
764 3064 847 3129 mori;
873 3071 983 3133 propter
1036 3077 1101 3118 oum
1123 3076 1221 3119 nomen
1236 3061 1360 3136 sapiebas
1373 3061 1593 3120 ethristiauom
1617 3067 1834 3139 persequebaris.

182 3181 262 3241 quam
275 3165 360 3222 lleurn
373 3161 488 3236 negligis
496 3157 548 3235 (d).
557 3158 644 3229 Quum
655 3154 728 3213 eninr
739 3154 817 3211 times
829 3150 888 3209 lieri
902 3150 986 3207 eloris-

789 3306 980 3371 obedientes
998 3309 1209 3370 VlebNTES.

270 3517 458 3585 Fidelibusnip.
1063 3510 1072 3568 (
1117 3505 1170 3557 lieo
1185 3507 1371 3575 Worwerdtip.

1074 3506 1089 3555 7

226 3585 242 3632 5
309 3581 427 3694 auulsa.
1031 3507 1287 3745 mffifflffl
1293 3632 1445 3688 diceresed
1460 3636 1563 3690 rudieus
1577 3636 1754 3704 discredimus
1764 3656 1832 3709 pra·

1131 3729 1139 3756 ,
1206 3731 1212 3744 .

213 3458 242 3618 ἓ
267 3456 299 3509 in
307 3467 410 3521 quorum
419 3453 476 3507 olea
483 3465 519 3506 ex
529 3449 710 3507 οιιωιιιιιηιιιι
720 3459 813 3511 summ,
825 3447 877 3499 tot.
896 3444 976 3515 itipot.
990 3439 1014 3504 C
1029 3414 1247 3506 sentiumuarlom
1258 3457 1348 3498 nomen
1360 3453 1400 3501 est
1411 3449 1510 3503 warno.

225 3458 254 3772 l

212 3619 224 3770 ἐ
266 3657 489 3768 Ηῗιξωιιιῐι·
929 3758 934 3769 ,

216 3770 247 3835 (6)
267 3768 336 3820 Unus
345 3768 426 3830 bomo,
438 3766 533 3818 sarium
543 3760 750 3816 uonenesttror.
761 3756 847 3826 ιιιραιι.
862 3756 978 3810 Omnrum
1032 3778 1034 3783 ·

856 3883 1141 3947 cennomannis·

219 4014 258 4081 (a)
273 4011 373 4068 instrui
382 4006 547 4066 ordinabunt.
560 4004 617 4061 llos
631 4010 683 4066 est,
697 4002 898 4071 exspectabant.
913 4001 973 4059 llto.
1027 4000 1064 4082 ad
1076 4000 1102 4055 id
1116 4000 1186 4072 qood
1200 4017 1282 4073 supra
1294 4018 1354 4075 cap.
1371 4005 1484 4071 suisio.
1512 4009 1539 4064 in
1553 4010 1617 4081 ipris
1637 4011 1746 4081 deniqne
1765 4023 1831 4070 teor·

217 4083 303 4158 (blln
325 4100 386 4138 urus
406 4078 545 4136 communis
557 4076 735 4131 callositatem.
748 4073 976 4130 Consuetudinem
1028 4074 1079 4143 pira
1091 4072 1171 4127 ileum
1181 4075 1296 4144 jurlicent
1317 4078 1461 4146 irnplornr,
1485 4090 1663 4151 praeterquam
1686 4083 1758 4155 quood
1785 4087 1829 4143 bic

180 4156 321 4226 signillent,
332 4170 393 4226 quoue
407 4153 486 4222 longo
500 4165 549 4204 usu
559 4146 642 4203 ueluti
655 4144 754 4201 callum
765 4144 885 4200 obduxit.
1028 4158 1082 4198 non
1095 4149 1182 4198 solum
1198 4155 1226 4200 ut
1241 4145 1379 4216 judicem,
1394 4150 1441 4204 sed
1457 4161 1482 4205 et
1498 4159 1526 4204 nt
1552 4151 1684 4209 titudinem
1707 4158 1828 4213 invocari

217 4225 391 4298 (clSororem
415 4225 527 4277 oiremer
539 4218 660 4273 redeatis.
678 4218 704 4270 ld
723 4227 766 4271 est
785 4231 846 4286 niune
865 4215 976 4285 propius
1027 4213 1062 4268 ab
1075 4215 1139 4282 ipsis
1154 4215 1236 4270 Deum
1253 4218 1349 4284 innuit,
1365 4219 1444 4273 idest
1456 4221 1692 4292 ntreulemptorern
1706 4237 1830 4284 ctasser·

180 4298 214 4354 ιιι
232 4301 369 4353 senriorem
387 4295 513 4355 accedat,
530 4307 572 4351 eae
586 4293 705 4350 ἀιηιιιας
718 4291 828 4358 abipso.
844 4284 883 4341 Le
898 4287 945 4341 Po.
1028 4294 1126 4366 torem,
1139 4286 1363 4356 querumbnoduin
1379 4288 1412 4344 ad
1435 4292 1507 4358 leges
1522 4289 1554 4346 ts
1580 4296 1633 4348 tub.
1651 4295 1723 4352 buno
1740 4298 1829 4355 loemn

217 4368 258 4443 (a)
273 4367 474 4441 pepyromenon
496 4361 577 4416 ileum
589 4360 704 4430 neplipir.
719 4359 768 4427 Qui
783 4358 885 4413 scilieet
898 4358 976 4414 tiones
1028 4365 1115 4411 ortano
1132 4357 1210 4412 lntius
1223 4356 1415 4428 interpretatur
1430 4359 1589 4432 lloyirardus
1609 4376 1702 4421 noster·
1721 4383 1782 4437 copo.
1799 4371 1827 4425 8.

181 4439 241 4496 deri
261 4440 441 4503 christianus,
456 4450 489 4491 ne
513 4433 651 4489 nobiseum
676 4444 723 4497 pro
746 4430 853 4484 nomine
875 4427 975 4483 Christi
1028 4434 1056 4481 et
1069 4429 1095 4479 9.
1113 4426 1181 4481 Pru.

181 4511 315 4577 animam,
330 4510 381 4564 '¹00
393 4519 433 4564 es,
448 4507 549 4568 pipam,
565 4514 658 4574 ponas,
674 4500 734 4557 Rip,
1066 4495 1105 4566 (g)
1118 4498 1181 4576 Quor
1194 4498 1345 4568 propinque
1355 4500 1422 4554 inter
1434 4516 1461 4555 re
1473 4501 1607 4558 iubentur.
1623 4504 1731 4562 Veteres
1753 4508 1827 4564 einim

219 4582 259 4657 (e)
270 4581 323 4639 Gar
334 4581 368 4634 od
380 4580 471 4635 rislum
484 4583 648 4631 contestatum
663 4569 743 4626 Notat
754 4570 904 4625 lineroblus
929 4568 975 4623 lib.
1028 4582 1131 4638 grauius
1144 4569 1246 4623 litteras
1258 4571 1367 4626 easdem
1381 4586 1448 4642 peno
1467 4573 1566 4637 luisse,
1582 4591 1642 4645 quun
1656 4593 1725 4632 roone
1740 4577 1829 4635 latione

180 4654 210 4710 3.
224 4668 284 4724 cap,
296 4654 324 4710 a.
338 4663 365 4707 et
378 4651 489 4707 Seruius
503 4647 549 4702 lib.
564 4645 590 4700 5.
605 4639 714 4698 AEueid.
731 4642 840 4697 lleteres
855 4655 978 4710 proqua-
1030 4637 1209 4704 sumnonem
1223 4653 1284 4695 esse
1297 4643 1389 4697 scribit
1404 4643 1513 4698 Plinius.
1530 4645 1597 4700 Ριιι.

181 4724 258 4779 pm„
280 4724 437 4783 numinum,
461 4717 594 4774 interdum
620 4716 691 4778 iuna,
717 4712 850 4767 interdum
873 4726 977 4765 summa
1067 4709 1109 4777 (Ιι)
1125 4707 1192 4763 bero
1207 4710 1316 4781 ubique,
1330 4722 1384 4767 etc.
1399 4713 1501 4784 Ubique
1517 4730 1636 4782 presens
1647 4727 1689 4772 est
1702 4719 1829 4776 ooomntn

179 4808 228 4851 res
265 4796 345 4851 sisse.
360 4792 395 4847 Et
406 4788 547 4846 Corrtmton'
561 4797 656 4843 testem
671 4785 757 4855 polum
780 4783 861 4837 clere.
883 4781 979 4836 Cicero
1030 4778 1128 4849 replet,
1143 4787 1175 4835 Pi
1188 4788 1312 4852 «κνταχιῦ
1336 4793 1415 4855 uapor
1437 4790 1477 4838 καὶ
1489 4790 1786 4860 eirreaeiepao,irrmrlt
1798 4791 1829 4847 S.

180 4866 209 4923 io
250 4881 339 4922 errem
354 4883 360 4917 :
376 4863 444 4917 ileos
462 4863 624 4929 dominosque
641 4865 804 4910 corrtertntur.
827 4849 899 4907 lolem
922 4851 978 4906 Cic.
994 4834 1240 4921 DCltrys-ostnmus
1253 4865 1321 4907 orat.
1337 4855 1366 4909 Ξ.
1379 4857 1506 4911 advorsus
1519 4857 1638 4912 truncos.
1654 4858 1692 4915 lm
1707 4861 1755 4916 Pn.

179 4930 527 5010 appellotcoutcrtotmnlde
541 4927 668 4997 Dioirrot.)
680 4945 687 4980 :
699 4925 914 4992 Quenrenr'nruon
928 4938 982 4975 nto·
1070 4922 1101 4991 (l)
1119 4920 1152 4976 Et
1169 4922 1244 4979 stabit
1257 4931 1316 4979 orote
1326 4926 1398 4981 nutas
1418 4922 1652 4998 detinuerimus,
1675 4941 1703 4987 ιι
1720 4933 1830 4988 stolidis.

179 5017 241 5064 reat
265 5006 413 5067 rtonmirnir
433 5001 602 5057 coronamentis
623 5005 763 5051 courtertutn
786 4996 983 5076 eonrlpnntopoe
1034 4991 1106 5047 Nibil
1127 4992 1284 5050 trrutnndum
1310 4994 1396 5062 lllud,
1410 5006 1474 5054 ante
1488 5000 1563 5054 aulus
1577 5000 1622 5055 liei
1636 5043 1643 5066 ,
1659 5010 1700 5057 est
1714 5014 1775 5058 arne
1787 5020 1834 5074 pa·

180 5086 335 5139 metenses.
350 5078 397 5133 Est
405 5087 494 5130 autem
509 5072 619 5126 detestor
630 5082 763 5134 execror,
787 5075 816 5123 et
829 5067 980 5120 abournror.
1035 5063 1099 5120 latia
1114 5062 1181 5131 llei,
1203 5066 1253 5121 nisi
1266 5064 1380 5123 fortasse
1400 5084 1490 5123 senno
1511 5068 1545 5125 ad
1560 5086 1625 5127 ovis
1648 5074 1793 5141 pertineat,
1808 5084 1836 5130 et

180 5149 253 5209 m·
759 5206 763 5213 ἦ
1035 5133 1177 5206 legendum
1191 5137 1246 5207 sit,
1262 5139 1420 5195 (intercutes
1442 5138 1511 5209 Dei;
1535 5141 1601 5197 otlnl
1622 5152 1710 5200 tanuen
1726 5155 1830 5201 mutnu-

220 5220 257 5293 (ι)
271 5216 323 5274 Gar
334 5218 397 5276 olibi
407 5217 494 5285 seroie,
507 5212 568 5270 olibi
582 5210 706 5267 vindicem
725 5207 863 5263 convenit?
881 5206 984 5264 blludlt
1035 5203 1111 5261 dnm.
1127 5204 1193 5262 Leo.

371 5885 591 5948 Τιιιιιιιιιιιιιι
613 5879 639 5942 Ι.
