4242 6259
156 308 211 366 m
734 298 961 373 utssuttltt'tto
974 300 1009 362 b.
1029 299 1074 362 LE
1091 300 1246 363 nubunt.
1763 311 1816 370 758

158 424 197 482 ris
211 429 239 479 et
250 419 365 480 insolitae
375 416 490 494 alicujus
501 416 610 493 eclipsis
626 414 773 489 indicium,
787 420 914 493 nullaque
923 421 963 478 si·
975 423 1003 483 tt
1016 436 1071 477 noa
1085 422 1189 491 minimi
1203 420 1324 494 proiecto
1340 435 1401 479 essa
1413 420 1550 494 ponderis,
1564 423 1587 481 si
1608 422 1709 483 ethnici
1723 428 1816 497 prori-

158 515 307 590 gnilieatio.
1015 529 1086 570 mam
1098 513 1291 586 imperatorum
1311 525 1425 571 mortem
1441 524 1575 586 optantes,
1590 532 1682 589 magos
1694 518 1815 591 aliosque

196 611 250 668 Alii
273 610 365 683 itaque
378 610 535 667 existimant
562 608 634 667 ltunc
654 610 751 667 librum
765 624 780 665 a
795 608 964 666 Tertulliano
1014 608 1152 666 diuinandi
1169 619 1228 665 arte
1241 610 1341 681 peritos
1361 608 1395 665 de
1422 609 1507 666 solius
1530 609 1622 667 Seueri
1643 611 1816 682 imperatoris

167 703 355 762 elucubratum
370 702 465 773 luisse,
486 718 547 759 cum
561 703 679 761 Seuerus
691 703 751 760 orbi
765 703 888 759 Romano
910 703 964 758 im·
1014 702 1103 757 salute
1116 702 1198 757 semel
1215 710 1316 757 tantum
1326 701 1533 758 consuluissent.
1545 703 1579 758 tlt
1589 714 1662 760 certe
1674 702 1816 760 Tertullia-

160 796 282 870 perabat.
297 796 356 851 Non
367 796 441 853 cniru
456 796 543 863 dium,
559 778 611 852 nisi
624 796 713 852 adbuc
726 803 893 867 regnantem,
914 809 965 852 nec
1015 807 1067 849 uus
1080 791 1181 848 hancce
1195 793 1419 850 consultationem
1436 794 1535 865 sapius
1551 794 1714 867 propositam
1729 805 1757 851 et
1770 810 1816 852 re·

159 889 187 946 in
197 887 360 945 christianus
368 887 456 943 adbuc
465 886 554 959 palam
567 886 962 955 seuientem,constantissimi,
1015 889 1126 960 petitam
1140 888 1222 945 luisse
1240 888 1311 945 lraud
1336 890 1450 945 obscure
1471 888 1613 961 significat.
1636 890 1770 947 Praeterea
1788 889 1811 946 si

159 980 198 1038 uti
207 979 285 1053 paulo
298 990 360 1037 ante
373 977 780 1052 diximus,lmperatoriselogio
790 987 962 1035 exornasset.
1015 978 1153 1037 baecillius
1164 979 1199 1035 de
1208 977 1303 1036 iisdent
1317 980 1455 1037 seditiosis
1464 978 1623 1059 factionibus
1637 980 1720 1038 verba
1736 1003 1743 1039 a
1759 980 1812 1038 Sed

163 1073 264 1130 lieittde
274 1087 340 1131 sero
350 1072 395 1129 ubi
403 1073 438 1128 de
450 1072 643 1143 perduellibus,
653 1072 725 1128 laesae
734 1071 883 1142 rnajestatis
891 1070 975 1139 reis„
1015 1080 1039 1127 et
1066 1086 1144 1127 nunc.
1159 1109 1189 1125 ..
1207 1070 1341 1144 ‚quotidie
1366 1072 1531 1139 revelantur,
1557 1071 1694 1128 attentiori
1722 1073 1813 1129 animo

160 1180 193 1224 ac
208 1165 324 1239 publicis
343 1165 567 1237 ltostibuspostea
583 1165 693 1223 disserit
711 1183 717 1221 :
735 1163 829 1233 Unde,
853 1164 964 1236 inquit,
1015 1161 1213 1234 expendamus,
1226 1177 1316 1220 nouato
1327 1163 1389 1219 inde
1399 1163 1488 1233 colligi
1502 1172 1575 1219 recte
1590 1171 1687 1233 potest,
1703 1163 1737 1221 de
1763 1162 1816 1218 illis

159 1258 263 1326 aaut,
286 1268 311 1314 et
335 1257 434 1330 llipri,
455 1266 479 1315 et
512 1255 618 1325 Altini,
653 1254 883 1327 tetranepos.
919 1255 965 1327 qui
1015 1271 1167 1314 sermonem
1194 1257 1230 1313 ab
1254 1256 1300 1312 illo
1322 1254 1390 1323 licei,
1407 1260 1545 1329 ‘tanquam
1568 1256 1686 1313 aonidum
1709 1256 1817 1329 benitas

160 1349 330 1408 uidelicetde
345 1364 450 1407 sumum
466 1349 571 1421 imperii
596 1356 730 1420 potestate
754 1363 815 1405 cum
840 1347 965 1420 legitimis
1015 1348 1166 1416 exstinctis,
1178 1347 1271 1405 seded
1285 1362 1420 1404 summum
1436 1349 1540 1419 sopitis,
1551 1354 1683 1420 caputque
1702 1349 1816 1419 amplius

159 1441 372 1517 lmperatoribus
381 1443 597 1503 decertaverant.
606 1443 651 1514 {tlt
663 1442 850 1514 postoccisum
863 1455 958 1498 mense
992 1486 1000 1501 t.
1015 1439 1140 1497 attollere
1153 1454 1206 1496 nun
1222 1439 1400 1496 audentibus?
1422 1439 1546 1495 Natrdum
1559 1455 1624 1513 ergo
1637 1441 1752 1496 Severus
1764 1438 1815 1494 ba-

158 1536 228 1595 llein
240 1536 304 1594 anni
319 1537 374 1596 tui
392 1538 559 1594 Pertinacem
574 1535 779 1608 Imperatorem,
792 1534 824 1592 G.
838 1535 965 1593 Pescen·
1016 1532 1107 1590 buisse
1122 1533 1263 1589 uidebatur
1281 1542 1388 1603 apertas
1409 1548 1470 1589 cum
1490 1532 1631 1588 Plautiano
1652 1532 1813 1589 simultates.

158 1633 220 1691 nius
232 1632 314 1704 Niger
345 1648 490 1703 purpuram
510 1639 538 1687 et
552 1630 694 1701 imperium
719 1629 746 1685 in
763 1629 903 1704 Pannonia
917 1643 964 1685 as·
1017 1626 1101 1698 Atqui
1114 1620 1270 1682 Plautianus
1296 1626 1378 1681 liliam
1399 1640 1475 1681 suam
1498 1624 1648 1680 Plautillam
1665 1622 1816 1681 ,eancattac

159 1726 288 1796 sumpsit,
303 1726 416 1796 eiusque
431 1726 458 1780 iu
471 1734 560 1794 partes
579 1722 685 1779 transiit
701 1722 810 1779 Cassius
827 1721 964 1778 Clemens.
1016 1718 1137 1790 ejusdem
1154 1718 1317 1791 Seterililio
1341 1720 1367 1774 in
1382 1718 1582 1774 matrimonium
1605 1732 1677 1775 anno
1697 1716 1816 1775 uolent-

162 1815 243 1889 Niger
254 1831 319 1873 tero
333 1816 420 1872 rietus
432 1831 448 1870 a
461 1815 573 1879 Severo,
586 1829 617 1871 uc
627 1813 861 1886 profligatistertio
869 1813 963 1885 praello
978 1814 1002 1876 B
1016 1812 1486 1884 locauit.Anrtoautcmsubscqaumi
1503 1812 1557 1880 ille,
1571 1819 1638 1868 teste
1649 1810 1812 1881 Herodiano,

162 1909 235 1966 illius
245 1909 341 1980 copiis,
356 1907 415 1979 inqu
426 1907 508 1963 saltrti
519 1922 574 1963 suae
583 1905 725 1964 consulere
732 1906 833 1963 trustra
848 1915 962 1961 conatus
1013 1905 1183 1961 manifestam
1198 1903 1356 1971 Caracalla,
1370 1905 1462 1977 generi
1484 1905 1537 1968 sui,
1554 1903 1599 1975 qui
1624 1912 1679 1959 tum
1703 1917 1813 1960 uxorem

163 1994 216 2057 csl.
225 2000 266 2061 Ab
280 2000 402 2067 iisenim,
414 2001 459 2070 qui
473 2001 617 2068 lugientem
626 1998 844 2070 insequebantur,
856 1984 962 2054 occisu's
1013 2012 1089 2054 suant
1099 1999 1204 2069 oderat,
1216 2000 1356 2056 audaciam
1382 1999 1554 2071 furoremque
1576 2000 1686 2066 ueritus,
1712 1998 1740 2054 iu
1754 1999 1813 2071 ejus

160 2091 211 2149 icit
223 2091 368 2149 sublinere
381 2093 446 2148 anni
462 2090 530 2161 ttll,
543 2092 588 2148 tel
617 2091 799 2151 leibnitium.
823 2088 962 2147 Postbaec
1013 2091 1155 2162 imperium
1190 2093 1295 2150 insidiis
1321 2093 1448 2151 invadere
1479 2095 1589 2150 molitus
1613 2106 1655 2151 est
1673 2093 1815 2167 (Herodia-

164 2183 281 2242 cherus
295 2186 404 2255 Albino,
416 2201 495 2257 quem
522 2184 595 2241 lalsis
610 2184 758 2249 blanditiis,
785 2199 819 2240 ne
844 2184 961 2240 bostium
1013 2182 1057 2238 tit.
1069 2181 1105 2237 lll
1117 2184 1143 2239 in
1159 2180 1314 2241 VitaSeucu.
1325 2201 1387 2259 pap.
1400 2185 1453 2241 itt
1463 2194 1485 2241 et
1498 2186 1579 2258 teqqa)
1587 2186 1640 2261 Sed
1654 2187 1694 2242 ltls
1707 2188 1815 2244 retectis

167 2292 276 2334 suorum
289 2292 419 2335 numeros
440 2285 602 2348 eriperetur,
618 2275 772 2346 deceperat,
795 2276 896 2333 bellurn
920 2277 962 2331 iu·
1013 2275 1151 2333 Caracalla
1176 2277 1272 2345 illum,
1297 2287 1429 2350 prasente
1443 2278 1544 2336 Seuero
1559 2290 1634 2350 patre
1657 2268 1815 2352 suo,jussit

162 2370 233 2428 tulit.
254 2372 407 2429 Cotnmlsso
430 2371 538 2428 tandem
566 2385 650 2442 prope
672 2370 832 2442 Lugdunum
856 2369 962 2441 praelio,
1015 2369 1113 2426 occidi.
1129 2371 1199 2426 bute
1213 2369 1284 2427 bunc
1299 2371 1491 2443 igitprannnm
1504 2371 1664 2429 Tertulliani
1678 2374 1814 2445 Apologus

164 2463 368 2521 Albinusinitio
393 2465 457 2520 anni
481 2465 532 2520 lii
558 2461 660 2520 tractas
681 2478 713 2520 ac
732 2463 819 2532 lusus,
846 2472 961 2520 ntorum
1015 2462 1093 2530 tiens,
1108 2461 1219 2518 sednon
1234 2463 1318 2519 multo
1332 2464 1406 2535 prius
1418 2464 1661 2535 scriptostidetnr.
1676 2464 1810 2534 Quorsum

160 2552 213 2610 sibi
225 2554 388 2611 conscivisse
400 2554 568 2626 perhibetur·
1013 2555 1085 2611 enim
1097 2555 1228 2611 Plautiani
1237 2557 1337 2628 potius,
1352 2573 1432 2628 quarn
1447 2557 1549 2624 Albini,
1573 2569 1601 2615 et
1622 2558 1737 2616 aliorum
1753 2576 1815 2632 per·

195 2644 289 2718 Neque
303 2657 391 2705 tamen
405 2652 471 2707 tund
488 2649 599 2704 omuino
621 2646 726 2703 tinnitum
740 2655 782 2702 est
800 2647 879 2702 ciuile
906 2645 963 2703 bel·
1013 2646 1142 2706 duellium
1155 2650 1445 2722 nominipepercissetl
1458 2652 1629 2709 Postannum
1646 2654 1734 2725 itaque
1750 2654 1813 2722 tot,

160 2737 227 2795 lum.
238 2738 433 2810 Strperiucrrtnt
446 2740 548 2797 etenim
578 2739 657 2808 buius
680 2737 806 2795 factionis
832 2738 960 2804 tantares,
1014 2742 1196 2814 quollbinus
1207 2744 1339 2802 uiolentas
1347 2745 1398 2802 sibi
1415 2761 1510 2801 manus
1524 2747 1629 2813 attulit,
1645 2756 1672 2803 et
1683 2757 1747 2802 ante
1764 2762 1814 2802 an·

161 2831 301 2904 dequibus
326 2832 425 2890 ibidem
452 2833 639 2890 Tertullianus
653 2841 746 2889 noster
761 2849 768 2886 a
785 2831 840 2889 Sed
867 2842 891 2888 et
918 2832 963 2904 qui
1013 2833 1141 2892 numilll
1155 2835 1271 2904 antidi,
1284 2850 1337 2910 quo
1352 2836 1508 2893 Plautianus
1521 2845 1635 2893 iteratus
1661 2845 1712 2904 est,
1741 2836 1814 2894 hunc

167 2942 234 2982 nuuc
245 2927 420 2996 scelestarum,
431 2929 479 2995 ait,
494 2928 607 2999 partiunt
619 2927 683 2982 socii
705 2943 736 2980 ae
750 2926 882 2997 plausores
894 2942 960 2996 quo·
1014 2910 1197 2984 Tertullianus
1211 2927 1308 2984 librum
1324 2928 1451 2984 cottiecit.

164 3016 226 3073 tidie
235 3019 398 3086 renduntur,
427 3028 482 3091 pact
518 3019 669 3074 alludentium
698 3017 835 3073 racematio
873 3032 990 3087 rupen,
1049 3018 1192 3075 Probabile
1202 3027 1290 3076 tamen
1300 3019 1813 3092 quibusdamuidetureumaTertullia-

161 3120 220 3181 ster,
241 3113 310 3170 ibid.
326 3130 385 3185 cap.
415 3115 461 3170 te.
476 3117 519 3173 tlt
534 3115 593 3170 lianc
609 3113 710 3169 clarius
723 3112 758 3168 ab
781 3110 855 3167 AEllo
878 3109 960 3183 Spar·
1013 3125 1049 3167 no
1062 3110 1212 3182 proiectum
1223 3111 1461 3182 aanoposteriore,
1472 3112 1659 3183 quodntonini
1670 3112 1813 3169 commta

160 3205 234 3261 tiano
247 3206 320 3264 bunc
342 3208 368 3262 in
396 3206 505 3263 modeim
528 3206 697 3279 explicantur
713 3223 720 3260 :
734 3202 812 3260 diuiti
825 3220 887 3261 aare
903 3202 996 3274 pauc
1011 3203 1168 3269 &earnalia
1187 3202 1331 3275 Cesariani
1342 3205 1446 3276 imperii
1458 3206 1592 3263 celebrata
1619 3216 1705 3275 sunt,
1728 3216 1810 3278 atque

160 3296 291 3365 Albinum,
315 3299 392 3369 fidunt
412 3300 436 3355 ei
456 3308 596 3364 seruantes,
611 3298 713 3354 ieiloa
740 3296 834 3353 Seuera
848 3301 962 3367 cumcurl
1012 3298 1082 3371 ignis
1091 3298 1295 3369 persecutionis,
1308 3298 1502 3356 inchristianius
1509 3299 1660 3363 concitatu,
1674 3297 1813 3357 ardentius

112 3456 117 3465 ἱ
160 3396 219 3444 unt
241 3388 386 3460 (Spartica.
401 3391 428 3445 in
444 3388 502 3445 Vita
516 3391 603 3447 Seuer.
620 3406 680 3461 paq.
694 3388 757 3444 595.
770 3389 820 3444 eal.
833 3389 872 3459 l).
886 3386 962 3444 Ultus
1012 3389 1153 3463 flagrabat„
1167 3389 1234 3447 llam
1244 3390 1279 3447 de
1289 3390 1322 3447 iis
1332 3389 1513 3449 Tertullianus
1523 3394 1550 3448 in
1568 3390 1621 3448 boc
1636 3391 1812 3464 apologetico

160 3485 202 3541 ert
216 3482 295 3557 iqitur
314 3484 426 3554 praviter
435 3484 589 3539 Albinianam
603 3483 769 3552 deiectionem
784 3523 793 3548 ,
822 3482 961 3553 intersectis
1011 3482 1110 3554 euplus
1124 3482 1269 3553 disputavit
1281 3483 1291 3553 (
1303 3499 1362 3555 rap.
1382 3483 1433 3557 2).
1458 3483 1560 3541 Deinde
1571 3499 1637 3541 tcto
1648 3484 1737 3556 plures
1752 3484 1813 3554 qui·

160 3577 392 3651 plurimaeque
406 3592 505 3647 quoque
523 3577 580 3648 ejus
599 3575 735 3641 exstincta,
757 3574 839 3629 iratus
863 3573 960 3647 populo
1012 3574 1075 3633 dem
1084 3575 1119 3632 ab
1140 3576 1201 3633 aliis
1219 3575 1429 3647 lmperatoribus
1442 3576 1469 3633 in
1485 3576 1645 3635 christianos
1659 3578 1732 3649 leges
1745 3576 1812 3635 letas

160 3684 185 3731 ct
194 3671 365 3735 aenatoribus,
392 3667 502 3725 Roaiam
523 3669 601 3726 uenit.
630 3668 699 3724 Tum
713 3666 814 3724 deinde
828 3674 889 3737 post
901 3680 959 3723 me·
1011 3676 1155 3737 memorat,
1168 3668 1217 3725 sed
1230 3667 1357 3724 nullama
1380 3668 1495 3726 Severo
1507 3667 1602 3726 Nonne
1615 3685 1679 3742 ergo
1705 3668 1813 3727 Tertul-

160 3774 264 3825 tuorata
277 3766 353 3821 varia
374 3762 466 3823 Severi
481 3763 577 3819 itinera
600 3762 664 3819 illud
679 3761 798 3833 adjecit:
815 3759 888 3816 later
906 3760 961 3816 lutea
1011 3759 1171 3817 liunusantc
1181 3760 1435 3834 promulgatabulus
1452 3761 1480 3818 in
1492 3776 1540 3819 eos
1554 3762 1642 3819 edicta
1654 3764 1726 3819 bunc
1739 3764 1812 3834 ,lpo-

162 3860 353 3918 Pescennianas
359 3855 632 3929 reliquiaumtautiau
639 3854 958 3927 auctorupersequeltatut,
1011 3850 1154 3924 logetlcum
1167 3852 1265 3909 librum
1278 3852 1423 3926 divulgarit
1437 3854 1449 3909 l

160 3954 233 4010 itaut
254 3951 392 4009 uourtullor
404 3952 480 4006 edant
497 3968 530 4006 eu
542 3951 631 4005 antitis
648 3951 711 4017 tuis,
736 3953 811 4020 quari
836 3950 895 4005 uitae
907 3966 961 4005 aute
1048 3947 1217 4027 utquamtis
1229 3946 1277 4003 ille
1293 3948 1345 4005 ltoc
1367 3948 1394 4004 ln
1419 3947 1487 4006 libro
1507 3948 1638 4006 adversus
1662 3949 1807 4018 clltnicos,

160 4045 321 4102 insidiatores
329 4052 458 4115 appeteret
476 4041 558 4117 (ibid.
568 4043 626 4099 etad.
638 4043 760 4115 papcol.
772 4042 812 4113 i).
823 4043 912 4113 Atque
922 4057 956 4100 ex
1011 4036 1057 4109 qni
1071 4036 1225 4110 Principum
1247 4038 1378 4095 solemnia
1393 4055 1446 4095 non
1473 4040 1564 4097 minus
1591 4042 1702 4110 nelario,
1728 4044 1808 4115 qua'm

162 4138 203 4195 lais
215 4138 409 4210 posterioribus
429 4135 519 4193 uerbis
542 4136 622 4207 aliqui
654 4134 751 4192 conltci
772 4134 959 4208 possceristi-
1011 4130 1201 4202 superstitioso
1216 4131 1407 4203 rituaqebant,
1433 4134 1564 4191 acerrime
1580 4122 1740 4204 innituntur,
1755 4150 1809 4192 non

159 4245 233 4289 utam
243 4230 400 4289 Tertulliani
413 4229 613 4303 apologeticum
628 4230 654 4286 in
666 4231 753 4286 ltrcern
766 4228 897 4300 prodiisse
906 4244 960 4285 nou
1012 4220 1046 4278 de
1058 4220 1207 4279 Caracalla
1223 4231 1312 4280 tanuen
1327 4224 1520 4296 potiusquam
1539 4225 1633 4283 Seueri
1645 4227 1812 4300 aliorumque

159 4323 485 4396 sniumpnstexstinetas,
495 4323 529 4379 de
543 4323 638 4392 quilius
647 4322 692 4378 ille
704 4321 820 4387 disserit,
836 4320 960 4391 perduci·
1011 4315 1168 4401 Principum
1183 4316 1399 4374 solemnitatibus
1413 4317 1532 4374 disserit.
1543 4319 1584 4376 dd
1598 4319 1810 4378 christianorum

160 4415 225 4472 lium
240 4417 376 4488 reliquias,
398 4415 446 4472 scd
466 4413 680 4486 post.Plautiani
694 4414 775 4470 etiarn
785 4412 901 4483 cadem,
914 4414 959 4486 qui
1011 4419 1101 4464 autern
1114 4410 1329 4480 persecutiones,
1341 4417 1368 4465 et
1386 4409 1459 4479 leges
1471 4410 1498 4466 in
1520 4426 1569 4469 eos
1580 4413 1717 4484 scriptas,
1737 4413 1811 4485 quod

157 4508 270 4580 jubente
283 4498 512 4577 Caracalla,'anno
524 4505 625 4564 Cbristi
638 4505 692 4562 tot
705 4517 752 4564 aut
762 4506 817 4564 205
831 4505 957 4562 interiec·
1011 4512 1126 4575 spectat,
1142 4502 1220 4558 iacile
1230 4502 1403 4558 concedimus
1427 4500 1557 4561 Seuerum
1575 4505 1679 4575 imperii
1697 4505 1738 4560 soi
1753 4505 1811 4562 ini·

160 4611 204 4659 tus
218 4598 270 4658 est.
970 4599 998 4661 D
1012 4596 1049 4652 tio
1058 4596 1195 4652 iisrevera
1204 4594 1310 4651 lauisse.
1325 4593 1384 4665 lpse
1394 4595 1525 4668 siquidem
1534 4596 1715 4653 Tertullianus
1733 4596 1811 4654 testis

198 4695 227 4751 lu
241 4694 319 4767 bajus
332 4703 420 4753 autem
441 4697 577 4767 opinionis
603 4694 834 4773 conllrmatlonem
855 4693 953 4751 adduci
1011 4698 1054 4746 est
1069 4687 1182 4760 lattjusce
1196 4686 1307 4757 latoris,
1323 4687 1401 4759 cuius
1422 4687 1493 4743 banc
1511 4688 1630 4746 reddidit
1653 4690 1808 4759 rationem,

159 4778 268 4865 quoque
289 4798 413 4862 poteraut
429 4791 619 4864 subsequentis
637 4788 759 4861 ejusdem
770 4788 906 4860 Spartiani
924 4788 959 4846 de
1009 4781 1072 4854 lpse
1086 4782 1173 4848 etiarn,
1185 4781 1281 4852 inquit,
1298 4779 1418 4845 Scaeua,
1430 4789 1502 4851 pater
1514 4780 1648 4855 Antonini,
1658 4781 1812 4838 ebriatione-

157 4881 213 4938 lroc
237 4882 298 4953 ipso
318 4880 484 4960 Imperatore
507 4882 588 4941 rerba
608 4899 615 4940 :
636 4881 734 4941 uultur
758 4882 859 4948 etiam,
885 4881 959 4953 quari
1009 4892 1067 4930 rutn
1089 4890 1185 4930 mentor
1214 4874 1263 4945 luit
1278 4872 1398 4949 (Tea-tul.
1427 4872 1740 4948 lineamentalem.
1767 4878 1810 4948 l).

159 4974 304 5041 Chaldaeos,
318 4985 363 5030 uut
378 4986 446 5035 nutes
459 4975 548 5053 desua
559 4974 643 5032 salute
655 4974 853 5044 consuluissent,
867 4973 961 5030 intere·
1010 4965 1038 5022 N
1040 4984 1081 5022 dm
1091 4974 1114 5021 el
1124 4966 1265 5023 Proelium
1273 4966 1450 5034 clariatiununt,
1459 4967 1504 5039 qui
1526 4964 1670 5039 T⁰lil⁰⁶¹⁶⁰l¹
1682 4970 1812 5040 mummi·

158 5070 217 5137 mit,
238 5070 366 5142 precipue
391 5078 521 5142 suspectos
540 5086 741 5143 ununrquernque
762 5071 884 5127 idoneum
907 5071 958 5126 int·
1011 5061 1131 5126 Mididi»
1154 5058 1280 5115 Edd‘ldl'oe
1299 5069 1502 5133 militumr
1522 5061 1566 5132 ‘1¹⁸⁸'
1583 5076 1641 5116 ‘lim
1663 5078 1708 5132 lm
1727 5062 1812 5117 <ileum

158 5162 241 5232 perio,
250 5178 307 5217 rum
317 5163 372 5235 ipse
380 5164 501 5234 pmuulos
514 5163 600 5219 adbuc
614 5163 682 5234 ilios
693 5162 806 5232 doinst,
820 5164 896 5235 idque
910 5163 962 5217 diei
1013 5154 1154 5228 aliquando
1169 5162 1312 5221 curaterot,
1328 5153 1467 5224 requiriuit,
1480 5162 1502 5209 et
1515 5154 1542 5209 in
1553 5154 1650 5227 palatio
1668 5171 1715 5212 ruo
1725 5155 1812 5211 babuit

158 5254 192 5308 ab
203 5254 284 5311 iiroei
300 5257 428 5325 crederet,
449 5255 490 5311 uel
503 5255 624 5324 audiret,
646 5255 690 5328 qui
708 5255 756 5311 ciii
769 5258 963 5327 auqutaiantur
1013 5248 1135 5324 usquead
1145 5257 1249 5303 ntortern
1273 5249 1340 5317 ejus,
1360 5263 1434 5319 quent
1448 5256 1472 5305 et
1490 5246 1634 5303 Antoninus
1653 5249 1747 5321 optime
1765 5266 1810 5305 no.

158 5344 406 5419 irruperiurn(llid.);
418 5363 479 5404 naut
486 5345 963 5403 Tertudianuscodemeitatoanobis
1015 5350 1097 5409 uerat,
1114 5341 1179 5397 laete
1191 5340 1331 5396 cirristiano
1343 5340 1478 5395 educatur.
1491 5339 1620 5397 Fateatur
1629 5356 1735 5413 quoque
1753 5343 1813 5398 nul·

158 5437 247 5506 capite
269 5437 336 5496 dixit
355 5459 362 5497 :
379 5439 479 5495 Eadem
504 5439 606 5511 apicio,
628 5438 656 5495 lu
685 5438 836 5510 principum
857 5438 960 5494 scilicet
1012 5435 1067 5490 lam
1079 5435 1105 5489 in
1124 5433 1300 5505 Apologctieo
1325 5432 1384 5488 iteri
1404 5432 1470 5505 legis
1487 5433 1521 5488 ab
1540 5432 1636 5491 codem
1663 5433 1763 5492 Seuero
1783 5434 1811 5491 in

157 5528 387 5600 solemnitatibus,
402 5531 561 5604 dependunt,
577 5531 654 5604 etqui
670 5531 812 5603 aetrolaqaa
824 5571 832 5595 ,
846 5536 871 5584 et
882 5544 959 5584 arur·
1011 5528 1174 5586 christianos
1188 5529 1296 5586 saneim
1306 5530 1503 5585 mentionem·

159 5620 245 5692 mter,
259 5633 284 5678 et
304 5641 425 5698 auqurer,
444 5633 470 5681 et
482 5641 571 5698 ntuqor
581 5625 614 5681 de
631 5623 739 5681 Cunaro
757 5623 841 5695 eapite
855 5624 958 5679 consul·
1047 5622 1147 5680 Tuum
1159 5619 1489 5693 nonindccertoconclndi
1502 5635 1580 5692 posse
1588 5629 1716 5707 putemus
1727 5621 1803 5678 illum

159 5723 224 5773 tant.
239 5715 404 5789 (Tertulliun.
418 5718 553 5792 Apoioqct.
568 5735 627 5793 cap.
646 5717 683 5775 35
698 5717 720 5791 l.
1010 5716 1111 5777 editum
1124 5715 1207 5773 luisse
1227 5723 1368 5786 postquam
1392 5711 1530 5770 Caracalla
1544 5754 1553 5780 ,
1566 5728 1639 5771 anno
1650 5713 1701 5769 tlt
1728 5712 1803 5771 solus

159 5872 177 5889 κ
196 5806 291 5883 desan
303 5812 413 5888 quidem
434 5820 590 5893 conpotem
611 5812 681 5875 banc
701 5811 960 5888 argumentationem
1011 5806 1297 5897 imperarecaepisset,
1308 5805 1498 5880 atqueetlrnici
1512 5819 1546 5865 eo
1556 5805 1614 5882 jam
1627 5814 1770 5881 reputate,
1783 5806 1814 5867 iu
