4242 6259
212 364 218 374 .
285 282 368 348 tu·
999 268 1232 356 rsuruu'auut
1884 302 1936 364 ars

285 421 364 476 rum,
380 408 545 483 frequentior
564 417 607 469 est
624 409 664 484 (l)
677 411 751 468 omni
766 412 960 481 superstitione
981 411 1087 469 luxuria
1099 422 1127 484 Α
1138 411 1210 483 pulis
1222 419 1250 468 et
1262 410 1408 483 magistris.
1423 410 1479 470 Sed
1493 411 1563 485 magi
1578 420 1607 470 et
1629 414 1758 489 astrologi
1779 415 1814 474 ab
1833 418 1936 478 oriente

286 510 314 560 et
325 503 447 558 ambitio.
459 503 563 559 Lances
577 512 605 559 et
618 503 734 576 scyphos
749 504 853 562 facilius
864 505 992 573 ambitio,
1002 519 1083 577 quam
1134 513 1266 562 renerum
1278 504 1397 574 (llotth,
1410 504 1454 577 ll).
1466 505 1573 564 Scimus
1583 508 1680 579 magius
1690 516 1718 565 et
1734 511 1937 584 astrologimin-

285 581 443 664 superstitio
457 594 629 652 desiderabit.
643 598 762 654 Coronm
776 614 886 670 qnoque
906 600 991 671 magis
1008 600 1085 655 luxu·
1136 609 1178 656 ter
1185 615 1215 656 se
1224 599 1392 656 societatem.
1401 600 1482 656 Primi
1491 600 1571 673 igitur
1579 587 1720 660 stellarum
1732 604 1891 676 interpretes
1899 604 1936 681 (h)

285 684 336 749 ria,
350 699 429 754 qnam
444 685 600 744 solemnitas
611 701 713 762 emgat.
728 691 794 747 Com
807 692 887 763 igitur
900 693 933 747 ad
948 692 1005 747 irasc
1017 693 1086 748 arti·
1137 701 1245 773 natum
1251 690 1389 748 Christum
1411 693 1638 750 annuntiaremus
1651 738 1658 764 ,
1674 695 1754 768 primi
1780 713 1938 755 munerare-

286 779 408 835 llciorum
423 795 521 851 genera
536 783 720 849 cohortemur,
733 803 794 857 quar
809 786 909 842 idolum
924 786 1043 857 quidem,
1058 793 1087 843 et
1137 794 1199 841 runt
1214 772 1262 856 (ι).
1277 776 1338 842 lloe
1355 770 1464 843 hunnine
1474 785 1612 842 Christum
1626 786 1746 862 (opinor)
1760 789 1812 845 sibi
1835 791 1938 862 obliga·

285 889 346 945 quar
370 872 442 930 idolo
461 886 636 949 competunt,
653 893 706 934 nou
722 880 873 952 attingant,
889 881 943 936 sint
954 889 1044 935 autem
1056 889 1087 936 et
1139 885 1249 933 uerunt.
1264 876 1332 945 Quid
1348 878 1423 933 tomi
1434 877 1498 935 ltlco
1511 895 1583 937 nunc
1596 887 1624 937 el
1639 882 1835 947 mathematicis
1849 894 1939 953 patro·

286 964 442 1022 bominibus
452 972 604 1025 communia
617 986 689 1043 saepe
702 960 763 1044 quae
773 980 801 1028 et
814 973 902 1041 idolis,
915 973 968 1029 hoc
980 987 1087 1044 quoque
1138 968 1272 1025 cibabitur
1281 970 1388 1026 illorum
1400 985 1538 1043 magorum
1550 973 1660 1043 religioi
1670 973 1709 1029 lic
1718 973 1827 1030 Christo
1836 976 1941 1033 scilicet

287 1071 384 1113 cauere
398 1057 538 1128 delicturus,
551 1077 585 1119 ue
600 1063 673 1133 quid,
685 1063 831 1120 scientibus
841 1065 929 1130 nobis,
942 1065 977 1121 ab
989 1066 1087 1135 aliqui·

287 1149 338 1207 bus
349 1150 383 1207 de
406 1152 530 1210 manibus
542 1156 643 1211 nostris
658 1156 684 1212 in
704 1172 760 1213 rem
777 1156 908 1213 idolomm
926 1157 1086 1228 postuletur.

288 1244 364 1313 Quod
378 1244 400 1300 si
413 1249 643 1317 concesserimus,
656 1258 684 1306 et
696 1266 749 1306 non
763 1250 890 1307 remediis
900 1252 958 1322 jam
974 1251 1016 1323 (l)
1031 1252 1089 1309 usi·

288 1338 351 1392 tatis
370 1340 515 1411 egerimus,
531 1356 584 1398 non
607 1352 672 1415 puto
691 1358 741 1400 nos
757 1360 772 1400 a
791 1345 915 1416 contagio
929 1344 1088 1403 idololatriac

288 1444 404 1497 vacare,
432 1448 548 1503 quorum
571 1449 666 1491 uranus
690 1450 744 1491 non
769 1436 950 1508 ignorantium
976 1438 1003 1492 iu
1028 1436 1088 1492 elh-

1140 1073 1183 1123 est
1202 1064 1332 1122 mathesis
1355 1065 1437 1122 hodie
1450 1064 1490 1139 (ιι)
1503 1108 1511 1131 ,
1525 1067 1617 1121 stellas
1632 1065 1672 1139 (ι)
1687 1066 1805 1134 Christi,
1820 1083 1872 1125 non
1888 1069 1940 1125 Sa·

1140 1161 1211 1216 turni
1230 1169 1257 1216 et
1274 1159 1366 1216 llartis
1387 1169 1414 1215 et
1435 1161 1566 1231 ctrJrrsque
1586 1160 1648 1234 (e),
1670 1177 1705 1218 ex
1725 1162 1822 1219 eodem
1844 1163 1941 1221 ordine

1140 1260 1306 1308 mortuorum
1330 1251 1498 1307 observater
1519 1251 1656 1322 predicat.
1677 1243 1712 1308 nr
1732 1254 1803 1309 enim
1826 1255 1939 1311 scientia

1140 1344 1185 1401 illa
1201 1359 1286 1417 usque
1299 1343 1333 1399 ad
1342 1343 1517 1415 Euangeliom
1531 1346 1565 1417 (()
1576 1342 1627 1399 luit
1638 1358 1775 1410 concessa,
1789 1355 1819 1401 ut
1832 1345 1942 1401 Christo

1140 1435 1213 1492 edito
1227 1450 1306 1491 nemo
1319 1435 1417 1491 exinde
1437 1433 1603 1491 nativitatem
1623 1434 1736 1507 alicujus
1754 1435 1877 1519 decreto
1900 1438 1943 1494 in·

288 1522 1087 1602 ciouclitrhorroreetusudmmotriorumdeprehenduntur.

593 1618 707 1677 diebu
726 1619 773 1676 tx.

1141 1536 1305 1601 terpretetur
1316 1528 1368 1601 (5).
1383 1527 1450 1584 llam
1465 1538 1493 1586 et
1507 1529 1569 1584 thos
1583 1528 1649 1585 illud
1663 1538 1691 1584 et
1703 1529 1840 1602 myrrham
1854 1540 1882 1586 et
1892 1546 1942 1587 au·

1141 1638 1201 1679 rum
1217 1623 1278 1680 ideo
1292 1623 1385 1679 inlarrti
1397 1632 1460 1679 tuuc
1475 1622 1588 1678 Domino
1604 1622 1769 1689 obtulerunt,
1784 1623 1859 1694 quasi
1871 1623 1944 1679 clau-

325 1710 571 1767 hnimadrertirnns
606 1714 677 1770 irrtor
698 1725 782 1771 artes.
800 1715 880 1771 etiam
910 1713 1227 1799 protessionesBsniam
1249 1715 1514 1787 sacrificationum)
1537 1724 1564 1771 et
1586 1714 1678 1786 glorie
1693 1715 1846 1784 secularis,
1861 1731 1941 1788 qnam

290 1801 418 1873 quasdam
443 1804 573 1861 obnoxias
600 1806 791 1867 idololatrias..
807 1807 846 1863 lto
884 1809 1025 1880 astrologis
1058 1823 1093 1865 ne
1144 1808 1268 1866 Christus
1283 1817 1340 1866 erat
1357 1808 1542 1879 adempturus.
1561 1806 1639 1875 Qrtod
1653 1808 1734 1878 igitur
1748 1807 1842 1864 iisdem
1857 1808 1943 1880 magis

290 1892 453 1963 loquendum
480 1895 587 1966 quidem
611 1906 663 1953 est.
686 1897 738 1954 Sed
763 1899 888 1970 quioniam
911 1900 1020 1970 quidam
1035 1900 1094 1957 istis
1144 1902 1277 1956 somnium
1299 1900 1357 1956 siue
1375 1899 1459 1954 dubio
1478 1912 1512 1953 ex
1529 1897 1575 1953 liei
1589 1898 1726 1953 uoluntate
1747 1898 1900 1970 suggessit,
1915 1906 1945 1956 ut

290 1984 386 2042 diebus
422 1990 577 2059 provocavit
612 1990 759 2047 delendeus
788 1991 839 2048 sibi
866 1993 1092 2063 perseuerantiam
1144 1992 1216 2050 irent
1226 1993 1252 2048 in
1261 2006 1320 2060 sus,
1333 1991 1452 2059 sedalis,
1464 2005 1517 2045 nou
1532 2004 1584 2060 qua
1598 1991 1798 2055 veneronuuia,
1808 1990 1893 2057 idest,
1909 2006 1952 2046 nc.

288 2078 470 2149 protessionis
480 2080 567 2147 istius,
580 2083 672 2154 paucis
685 2093 755 2139 utar.
767 2083 825 2139 Non
837 2084 926 2156 allego
937 2085 1008 2155 quod
1023 2084 1093 2140 idola
1145 2085 1338 2158 pristinasecta
1347 2072 1394 2139 sua
1407 2082 1566 2139 incederent
1577 2100 1584 2137 ι
1596 2097 1686 2138 nonne
1696 2082 1739 2155 (6)
1748 2083 1810 2138 ilios
1825 2083 1945 2140 llerodes

292 2170 1093 2248 honoret,quorunrnominacoeioitrscripsit,quibrtsotonem
1145 2187 1361 2250 persequeretur,
1377 2178 1484 2252 quince
1497 2185 1653 2247 persecutus
1662 2184 1715 2243 est,
1727 2176 1809 2232 etiam
1820 2175 1945 2247 ignorans

293 2263 340 2320 bet
357 2275 516 2334 potestatem
528 2267 633 2323 addixit
645 2284 653 2323 :
667 2270 738 2339 qood
751 2280 893 2342 propterea
903 2269 1027 2327 homines
1038 2254 1093 2327 uon
1144 2271 1197 2327 alia
1210 2271 1252 2326 ria
1267 2269 1422 2341 digressos,
1437 2268 1563 2340 quoniam
1577 2275 1606 2322 et
1620 2281 1672 2337 qua
1686 2276 1817 2323 uenerant
1839 2268 1945 2339 ignora·

292 2366 386 2427 putant
404 2357 542 2429 (illisum
566 2360 775 2430 requirendum,
790 2373 983 2433 praesumentes
999 2364 1093 2419 stella·
1145 2363 1200 2419 bat.
1216 2363 1292 2419 Adeo
1305 2363 1376 2417 stiam
1397 2370 1498 2417 rectam
1513 2359 1552 2431 (i)
1567 2368 1596 2416 et
1614 2358 1783 2430 disciplinam
1797 2359 1947 2429 intelligere

293 2464 353 2504 rurn
368 2465 418 2506 tros
429 2451 587 2508 immutabili
602 2452 717 2509 arbitrio
732 2455 784 2526 agi.
801 2455 889 2512 Unum
904 2471 1037 2527 propono,
1049 2471 1095 2512 an·
1144 2453 1284 2511 debemus.
1299 2452 1392 2523 ltaque
1411 2452 1497 2522 magis
1511 2459 1692 2521 praeceptum,
1709 2458 1739 2505 ut
1757 2450 1854 2505 exinde
1867 2451 1947 2505 aliter

293 2539 369 2610 gelos
379 2557 440 2597 esse
455 2543 515 2599 illos
528 2544 683 2601 desertores
706 2546 752 2602 liei
776 2546 865 2616 (Gau,
881 2548 945 2614 tt),
959 2558 1094 2605 amatores
1146 2547 1310 2603 incederent.
1321 2544 1367 2603 Sic
1376 2555 1403 2600 et
1417 2544 1469 2599 alia
1483 2543 1526 2598 illa
1540 2543 1645 2614 species
1657 2540 1698 2614 (8)
1711 2541 1806 2611 magiae
1819 2555 1881 2609 quar
1895 2541 1949 2595 mi·

294 2631 478 2697 loenrinarum,
490 2635 641 2707 proditores
654 2638 735 2693 etiam
752 2638 831 2709 huius
843 2639 1017 2703 curiositatis,
1029 2655 1093 2711 pro·
1145 2639 1244 2697 racolis
1253 2647 1391 2710 operatur,
1404 2640 1486 2693 ctiam
1497 2636 1629 2694 aduersus
1642 2635 1749 2707 (lisod,
1763 2633 1820 2705 llll)
1834 2633 1949 2706 llogsen

252 2788 259 2805 .
294 2732 386 2794 pterea
407 2740 514 2797 quoque
534 2726 675 2784 damnatos
695 2731 790 2786 alteo.
810 2730 936 2786 0dirina
959 2734 1094 2789 sententia
1145 2732 1280 2795 aemulata,
1297 2731 1453 2801 patientiam
1469 2730 1515 2785 liei
1533 2729 1614 2784 trusit
1627 2727 1661 2783 ad
1675 2727 1847 2799 Evangel'rum
1861 2742 1950 2798 usque

294 2820 424 2890 usquead
440 2830 538 2876 terram
553 2823 687 2892 pertinax,
698 2826 741 2880 eui
755 2826 835 2881 etiarn
850 2827 1005 2895 ignorantes
1016 2829 1094 2883 testi·
1146 2828 1228 2899 (Aru,
1246 2823 1316 2892 vttl,
1343 2825 1398 2895 ts).
1422 2823 1488 2879 llam
1511 2821 1609 2878 exinde
1628 2832 1657 2877 et
1673 2821 1767 2876 Simon
1787 2820 1878 2893 llagus
1892 2819 1949 2891 jam

296 2911 416 2966 monium
431 2911 558 2969 reddunt.
575 2914 751 2985 Expelluntur
765 2918 946 2973 mathematici
963 2915 1004 2991 (ιι)
1025 2920 1095 2975 sicut
1145 2918 1243 2983 tidelis,
1261 2917 1388 2988 quoniam
1403 2914 1502 2986 aliquid
1524 2913 1613 2969 adlruc
1634 2911 1669 2969 de
1686 2906 1856 2970 circulatoria
1874 2921 1949 2969 secta

295 3005 695 3087 angelicorumlfflrsetltaiia
707 3010 1093 3089 interdici-tururnathematicis,
1146 3012 1287 3083 cogitaret,
1303 3017 1332 3065 ut
1346 3008 1449 3065 scilicet
1463 3008 1533 3063 inter
1548 3007 1676 3063 miracula
1700 3003 1877 3076 professionis
1890 3020 1948 3061 suaa

295 3095 794 3181 sicutmlfflmrgchmornm.li.rdem
802 3095 1127 3174 qroeoaesterittiotset-ll
1143 3107 1224 3162 etiam
1232 3104 1360 3176 Spiritum
1374 3102 1501 3160 Sanctum
1513 3099 1553 3174 (ιι)
1561 3116 1608 3172 per
1614 3115 1743 3156 manuum
1750 3098 1948 3172 impositionem

910 3218 1106 3279 LECTIONES
1123 3218 1332 3279 vanientes.

1181 3336 1215 3402 lh)
1231 3336 1414 3399 Interpretatur
1426 3332 1517 3402 liigoit.

327 3393 364 3454 (ἲ)
384 3392 443 3444 Tam
454 3393 532 3455 Semi·
1189 3401 1205 3450 6
1233 3400 1286 3450 Nou
1297 3396 1362 3449 siml
1374 3397 1450 3450 Semi.

326 3455 363 3516 (S)
379 3455 471 3506 Puteut
482 3458 542 3507 Just.
1189 3404 1215 3528 7)
1232 3463 1330 3513 Sectam
1346 3462 1407 3511 Jrut.

328 3515 485 3616 (listellam
500 3521 593 3571 Wouto.
606 3523 642 3572 ll.
654 3522 681 3573 S.
691 3520 795 3591 uteru:
1178 3526 1215 3590 (8)
1234 3524 1313 3574 Aliam
1324 3522 1390 3573 illam
1401 3525 1514 3586 spectem
1527 3546 1557 3558 -
1569 3519 1778 3584 patientiarum.

975 3625 1258 3685 COMMENTARIUS.

1151 3752 1204 3798 etc.
1231 3741 1340 3798 Frustra
1365 3748 1455 3796 autern
1478 3738 1577 3795 euhoe
1603 3740 1662 3793 loco
1680 3736 1776 3793 Cltristi
1795 3735 1917 3806 genesim
1934 3751 1953 3793 ο

1150 3812 1289 3868 stellarum
1314 3828 1394 3867 cursu
1419 3811 1506 3866 metiri
1531 3822 1611 3880 posse
1634 3808 1799 3866 contendunt
1823 3806 1953 3863 homines

1151 3898 1279 3955 perverse
1292 3884 1407 3946 crtriusi,
1432 3883 1501 3936 iuter
1516 3896 1583 3950 tqttus
1596 3879 1722 3935 familiam
1736 3879 1837 3933 ducunt
1851 3877 1952 3935 Petrus

325 3331 362 3391 (ι)
378 3329 505 3383 Sufficiant
515 3332 739 3399 -irequentiores
750 3346 854 3404 murco.

642 3720 647 3729 ’
740 3740 850 3791 Alterius
863 3742 899 3792 sic

376 3800 462 3852 utera
473 3803 551 3865 poscit
563 3814 636 3865 opem
648 3815 691 3854 res
702 3810 729 3853 et
738 3804 848 3868 mnjurat
858 3805 944 3854 amice.
976 3801 1033 3852 lttc.

334 3902 411 3960 ChP.
422 3903 468 3961 lx.
484 3934 521 3945 —
535 3903 574 3977 (a)
591 3903 763 3974 Expelluntur
777 3906 960 3962 mathematici.
983 3907 1011 3963 Si
1036 3909 1098 3977 quis

295 3975 369 4040 huc,
385 3986 511 4046 tanquam
527 3976 629 4030 inutilia
644 3985 671 4030 et
685 3974 839 4046 superflua,
864 3977 948 4032 deleri
970 3990 1098 4049 oportere

298 4046 454 4111 censuerit,
466 4047 546 4101 habet
556 4062 620 4102 ecoe
634 4063 678 4103 mc
690 4047 921 4132 adstipulatorem.
933 4048 994 4105 liro.

336 4138 377 4209 (b)
394 4138 476 4193 Prr'rrtt'
489 4140 568 4209 spino
582 4141 714 4194 stellarum
727 4142 888 4213 interpretes.
903 4141 1058 4197 Chulcitlius
1070 4142 1097 4198 iu

298 4209 369 4265 Tinr.
385 4211 451 4265 l’lat.
467 4215 500 4265 ad
517 4214 608 4267 Osittnr
623 4212 831 4268 Cordobcuscut
842 4228 875 4268 es
892 4212 1003 4268 historia
1017 4230 1099 4278 quom

298 4291 377 4336 voert
389 4282 550 4338 sanctiorem
567 4292 594 4337 et
609 4284 853 4347 uenemlriliorem,
869 4285 921 4347 ait,
938 4295 998 4339 ntur
1015 4285 1100 4339 stellae

297 4352 437 4421 cujusdam
453 4368 506 4407 nott
529 4354 637 4409 tttorlros
661 4366 818 4424 ntortcsque
841 4355 1031 4413 deutrntiatas.
1052 4355 1100 4411 sed

296 4423 457 4480 descensum
466 4424 515 4480 Dei
526 4426 687 4480 r'etrcrabilis
695 4428 728 4480 ari
740 4426 865 4482 humanat
874 4428 1099 4491 crrrrsorrntiotris,

1150 3956 1184 4010 de
1198 3955 1317 4018 hlliaco,
1332 3963 1360 4009 ct
1374 3953 1552 4025 llierouyutus
1568 3949 1706 4006 Cardanus
1731 3949 1769 4004 Lu
1784 3950 1832 4004 l‘n.

1188 4023 1224 4097 (e)
1239 4024 1272 4079 Ει
1293 4025 1413 4096 cujusque
1435 4040 1466 4078 es
1487 4023 1575 4078 eadent
1598 4023 1687 4076 ordine
1708 4032 1875 4075 rrrortttorurn.
1893 4018 1954 4078 lloc

1151 4108 1212 4162 est,
1228 4112 1262 4152 cs
1274 4099 1368 4150 ordine
1385 4095 1431 4150 illo
1456 4094 1608 4161 septenario
1630 4094 1816 4161 plmrctaruut,
1830 4090 1952 4155 Saturni,

1151 4166 1261 4230 hlautis,
1282 4166 1423 4231 llererrrii,
1438 4174 1466 4220 ct
1482 4166 1506 4218 itl
1520 4180 1604 4233 genus
1620 4165 1735 4218 aliorurn
1747 4205 1754 4226 ,
1768 4165 1814 4233 qui
1826 4180 1878 4216 non
1894 4160 1950 4229 tiri,

1151 4239 1199 4293 setl
1213 4238 1337 4293 honriucs
1351 4240 1445 4303 lueto,
1460 4238 1549 4302 etjam
1565 4236 1671 4305 qrridctn
1686 4236 1796 4289 mortui.
1808 4234 1867 4290 lite.

1188 4307 1223 4380 (ῐ)
1240 4308 1326 4376 Usque
1347 4307 1381 4359 od
1399 4305 1578 4378 Euangeliou.
1595 4305 1633 4360 Νι
1648 4314 1723 4376 putet
1743 4305 1828 4359 luctor
1839 4317 1954 4358 conres-

1152 4394 1209 4433 sam
1223 4380 1324 4433 diuinis
1338 4376 1460 4447 legibus,
1474 4378 1522 4431 sod
1535 4386 1638 4431 tantum
1653 4376 1795 4442 hontonis,
1813 4375 1873 4444 quia
1888 4383 1955 4429 ante

1152 4450 1288 4505 Christum
1304 4463 1355 4504 uon
1366 4450 1475 4517 purtita,
1490 4448 1545 4503 imo
1558 4463 1605 4517 pter
1615 4462 1709 4501 onmes
1722 4447 1845 4501 stationes
1857 4452 1952 4509 rugata

299 4510 446 4577 ’ΌΝΨἮΜ
460 4495 613 4578 ¹¹¹⁰s¹”¹i¹¹¹¹¹
634 4497 758 4566 fflum'h
779 4497 937 4552 SThLthl
952 4496 1099 4579 cmm·
1154 4521 1320 4583 insolenter,
1334 4528 1362 4575 ct
1374 4519 1400 4574 in
1415 4522 1501 4588 pretio
1514 4533 1545 4572 ac
1559 4517 1643 4587 gloria
1666 4516 1767 4572 habita.
1782 4516 1872 4582 Neque
1885 4528 1953 4567 con-

294 4565 363 4636 blagt
383 4583 410 4621 ut
438 4566 584 4637 Euangelro
596 4567 744 4623 secundum
767 4568 939 4624 ilattlruuur:
961 4563 1141 4625 ‹urdrmusD
1154 4600 1194 4647 [m
1209 4591 1262 4646 hog
1274 4599 1333 4657 0⁵1,
1354 4604 1512 4653 concessam
1524 4588 1606 4659 gagis
1627 4587 1815 4643 „gomggqugg
1832 4584 1951 4649 ωηιξη,

301 4639 406 4691 stellam
422 4637 480 4707 rjus
497 4638 523 4693 in
537 4638 649 4693 Oriente
666 4658 690 4694 r.
704 4638 851 4694 Prltuasius
864 4641 890 4694 io
904 4639 1027 4695 trurcstor
1043 4638 1101 4693 Pri·

300 4708 518 4763 scillinnistamm
538 4726 571 4783 ιι
594 4710 708 4781 nsigno
720 4712 819 4766 Christi
842 4710 876 4765 ad
896 4710 971 4781 signa
986 4708 1102 4767 astrolo-

300 4778 359 4847 gica
373 4779 567 4849 migraremus.
587 4800 597 4832 r
612 4780 673 4838 lito.

218 4938 226 4949 .
336 4872 375 4945 (c)
389 4872 471 4928 Prr'nu'
488 4883 694 4927 ortrurraneruut.
704 4872 878 4928 Cltalcidius:
892 4893 902 4925 r
914 4873 1101 4931 Chaldaeorum

299 4946 422 5013 prolecto
448 4945 582 5016 sapientes
620 4945 687 5008 riri,
714 4953 742 4999 et
766 4944 982 5002 consideratione
1012 4962 1101 5001 rerunt

295 5015 445 5072 coelestium
461 5017 526 5070 satis
540 5016 677 5070 exercitati
689 5055 697 5077 .
711 5017 840 5084 qumsisse
860 5015 984 5071 dicuntur
998 5032 1092 5073 receu-

296 5093 350 5140 teur
363 5097 452 5141 ortum
478 5086 541 5140 liei:
568 5098 727 5155 repertaque
747 5086 791 5139 illa
813 5086 955 5152 majestate
976 5090 1090 5157 puerili,

296 5167 437 5213 ueneratus
448 5172 526 5222 esse,
546 5164 574 5211 et
588 5166 649 5211 rota
664 5157 720 5212 lieo
735 5167 809 5213 tanto
823 5159 1008 5214 corrveoicotia
1022 5175 1091 5216 ιιιιιι-

295 5242 420 5297 cupasse.
439 5249 449 5281 r
467 5229 525 5284 lito.

332 5300 372 5374 (d)
388 5299 425 5354 lle
436 5300 537 5356 Christo
553 5298 651 5353 scilicet
664 5306 701 5352 est
714 5300 834 5355 mathesis
846 5301 930 5356 hodie.
943 5301 1088 5370 Hodierna,

295 5372 390 5442 inquit,
406 5371 535 5427 mathesis
546 5380 588 5425 est
603 5369 742 5440 disciplina
760 5371 869 5426 Christi.
884 5371 965 5427 Stella
977 5373 1089 5440 Christi,

296 5447 420 5507 horest,
444 5442 548 5514 genesis
563 5440 680 5506 Christi,
698 5444 820 5512 exempla
833 5450 862 5498 et
881 5444 1004 5498 mandata
1029 5445 1088 5513 ejus

295 5515 462 5570 nlrscrurrnrla
475 5522 538 5567 sunt
552 5513 630 5567 nohis
652 5523 679 5567 ct
705 5513 884 5584 predicatur.
912 5513 972 5572 lire.
992 5543 1030 5556 -··
1049 5515 1090 5571 De

296 5586 397 5641 Christo
420 5584 525 5639 scilicet.
548 5585 667 5649 lrouice,
705 5587 832 5640 antithesis
860 5585 933 5640 cultu
965 5586 1045 5642 hodie
1073 5602 1089 5643 e

1155 4679 1216 4718 naru
1226 4663 1269 4717 isti
1282 4662 1327 4716 iila
1337 4662 1377 4716 usi
1387 4669 1451 4715 suut
1463 4676 1496 4716 eu
1509 4674 1581 4715 mera
1594 4660 1692 4728 pictate
1704 4666 1732 4714 et
1741 4658 1883 4727 religione,
1897 4671 1954 4710 orrn

1155 4743 1183 4787 ut
1197 4734 1257 4788 aliar
1267 4742 1362 4804 gentes
1381 4731 1414 4785 ad
1428 4745 1493 4785 usus
1505 4730 1655 4786 malelicos.
1669 4728 1721 4785 Sed
1738 4737 1765 4784 et
1778 4725 1954 4799 erpttcrodns

1155 4803 1267 4859 Tertull.
1292 4817 1353 4858 cum
1375 4803 1410 4856 ait
1427 4816 1583 4857 concessam
1598 4814 1684 4871 usque
1706 4798 1740 4854 nd
1755 4797 1952 4869 Euarrgclium,

1155 4874 1258 4931 seilicet
1281 4888 1436 4930 correessam
1460 4880 1490 4926 ιιι
1516 4872 1671 4941 plurimum.
1688 4870 1755 4927 hrc.

1192 4946 1231 5016 (g)
1246 4944 1393 5000 Clausulam
1419 4942 1625 5012 sacrificationis.
1651 4941 1686 4998 Ut
1705 4940 1804 4996 cxirtde
1828 4938 1955 4996 Christus

1155 5016 1249 5072 srdeles
1262 5031 1328 5072 suos
1338 5015 1473 5070 abstinere
1488 5013 1601 5068 uoluerit
1615 5010 1770 5084 pontificatu
1786 5020 1814 5065 ct
1826 5008 1953 5064 sarerrtari

1152 5089 1249 5159 gloria.
1265 5084 1416 5143 Clausulam
1428 5127 1436 5149 ,
1455 5084 1535 5139 inem
1548 5092 1575 5140 et
1586 5084 1749 5138 tertrriniurn.
1760 5083 1805 5137 Sic
1814 5082 1840 5136 in
1851 5080 1952 5150 Scorp.

1143 5159 1188 5215 ubi
1219 5158 1254 5214 dc
1267 5157 1345 5214 Jnatr.
1368 5158 1469 5227 traps:
1494 5154 1615 5211 Clausala
1634 5153 1697 5226 legis
1715 5162 1739 5207 et
1759 5151 1953 5222 prostitutarum.

1178 5301 1219 5376 (lt)
1249 5300 1377 5370 Spiritum
1397 5297 1521 5354 Sanctum
1542 5313 1586 5363 per
1609 5312 1730 5350 utortuutn
1757 5222 1947 5365 trupoffirfltooers

1141 5375 1322 5430 enundinaret.
1345 5370 1607 5425 contemnitissimo
1621 5368 1705 5421 uerbo
1731 5366 1849 5421 Simonis
1867 5364 1953 5419 istius

1141 5446 1243 5502 erinteu
1257 5444 1377 5499 damnat.
1392 5440 1482 5497 Sedet
1499 5439 1630 5493 hodierne
1647 5436 1836 5492 nundinarium
1849 5448 1949 5490 eorum

1141 5532 1201 5588 qrec
1223 5514 1319 5571 leudaii
1334 5511 1465 5567 urrcabnlo
1480 5509 1609 5566 bertcheia
1633 5516 1840 5578 nuncupantur,
1864 5508 1952 5561 siuro-

1141 5588 1194 5643 rrius
1216 5587 1319 5642 crimen
1338 5584 1459 5639 tribuere
1481 5582 1616 5647 solemus,
1632 5580 1684 5634 etsi
1706 5579 1952 5648 interemptorem

296 5654 396 5709 Christi
414 5654 553 5723 disciplina
578 5670 631 5707 ooo
646 5665 704 5720 ιιι-ις
732 5657 793 5726 qnia
810 5656 880 5711 nulla
907 5656 987 5711 hodio
1012 5658 1089 5712 stella
1141 5668 1169 5714 et
1182 5657 1347 5713 uenditorem
1361 5654 1395 5710 de
1407 5652 1590 5724 comparando
1605 5650 1707 5721 Spiritu
1722 5648 1826 5705 Sancto
1849 5646 1952 5715 usqui-

296 5724 419 5779 Clrristus
432 5726 540 5783 dicitur.
562 5726 685 5779 Doctrina
701 5727 745 5781 illa
760 5741 852 5782 eorum
866 5736 908 5783 cst
927 5728 971 5797 qni
987 5743 1089 5799 coguo-

298 5792 397 5849 minonr
409 5797 514 5851 stollam
538 5794 686 5851 habuerunt
699 5807 727 5853 ιιι
747 5796 868 5867 Jupiter,
890 5805 919 5852 ut
938 5798 1088 5868 Satttrous,

1142 5729 1203 5785 dem
1224 5728 1365 5798 cogitetur.
1379 5723 1446 5779 llam
1470 5726 1539 5780 inter
1553 5738 1601 5779 eos
1623 5721 1675 5777 hoc
1692 5730 1797 5776 tantum
1814 5718 1905 5789 agitur
1917 5724 1952 5773 ns

1142 5799 1170 5854 io
1183 5808 1331 5870 emptorem
1347 5803 1466 5854 transeat
1476 5794 1521 5865 jus
1536 5791 1702 5867 percipiendi
1717 5789 1820 5849 reditus
1833 5802 1869 5845 ea
1878 5800 1945 5858 pos·
