4242 6259
278 372 332 434 5]ss
990 361 1221 424 TERTULleNi
1879 358 1937 419 lm

282 491 423 547 iulmneste
436 489 589 554 institoriam
603 494 695 543 centra
709 484 843 554 incestos,
858 483 1007 548 adulteros,
1017 497 1079 553 rsp-
1091 482 1119 542 da
1131 480 1196 535 dam
1207 475 1357 549 probationi
1371 486 1441 534 verm
1455 475 1623 545 diuinitatis,
1652 481 1753 547 omnio
1768 473 1856 546 moab
1866 475 1931 544 isti,

283 595 365 650 turen
380 582 527 654 parricidas
540 583 623 637 etiam
634 580 740 652 iepibm
747 578 914 636 exserendis.
926 577 1080 634 Ridendum
1131 586 1199 643 mres
1212 585 1247 626 ue
1261 569 1314 640 ipsi
1326 568 1436 642 euidens
1448 568 1598 640 municipes
1610 568 1653 625 sui
1662 566 1781 624 noroml
1790 565 1858 623 llam
1871 582 1933 640 qum

282 694 317 733 au
331 675 501 733 irsssrrtdmn
514 675 567 741 sit,
583 674 649 731 teies
663 673 730 731 does
741 673 833 742 credi,
847 674 941 744 emim
955 671 1083 729 homines
1131 665 1228 722 idonea
1244 663 1391 720 auctoritas
1414 663 1591 734 praecucurrit
1612 659 1746 732 eiusmodi
1770 659 1933 729 tireologim,

282 782 343 827 esse
355 780 407 825 nest
419 766 557 825 debeam
575 767 627 825 Sed
640 768 714 825 caio
731 767 758 822 in
773 769 827 823 ista
840 765 962 839 mythico
969 778 1082 838 penore,
1131 773 1215 831 quam
1226 758 1308 814 mars
1323 755 1394 813 lama
1406 755 1527 813 destituit
1538 756 1549 812 l
1570 753 1671 824 manti
1681 761 1761 821 sset,
1774 754 1821 826 qui
1842 756 1938 811 norint

109 858 140 943 ,⁶
184 882 187 886 ·
279 842 580 933 'comportatorum
609 874 689 932 qoam
713 858 901 930 incertiagitis
918 858 990 914 circa
1011 870 1080 913 eoa*
1132 851 1191 908 tiso
1205 850 1247 907 oei
1261 838 1507 924 auditobtagsrtin
1526 849 1676 921 Syrorum,
1699 846 1934 905 Caelesmmtllra-

281 954 402 1012 sciendae
421 949 924 1024 memmimpodomoclenstonen!
940 948 1008 1005 Nam
1017 962 1084 1020 quo·
1132 959 1211 1014 rom,
1233 943 1406 1002 Varsutinam
1421 943 1595 1009 Maurorum,
1618 939 1730 1000 Obodan
1757 950 1785 999 et
1809 940 1932 1021 barsarea

283 1045 356 1102 deno
368 1044 496 1111 miso....,
513 1045 602 1117 turpis
614 1085 623 1113 ,
636 1043 679 1101 rel
691 1045 791 1100 atracia
806 1042 919 1100 deorum
931 1042 1081 1113 exprobra«
1131 1038 1263 1104 Arabum,
1279 1038 1410 1115 Belenum
1422 1035 1569 1106 Norbam,
1583 1037 1625 1094 rei
1636 1078 1646 1107 ,
1659 1029 1728 1110 quos
1737 1036 1826 1094 Varro
1835 1037 1933 1109 ponit,

280 1140 356 1203 nius3
369 1137 558 1208 atbpanencm
567 1137 639 1208 poeti
654 1175 722 1193 ......
724 1143 777 1192 eut
790 1133 911 1191 sabulosa
924 1133 1081 1190 defenditisl
1132 1131 1329 1189 Casiniensium
1340 1130 1542 1200 licitentiuom,
1552 1130 1741 1188 Narniensium
1753 1129 1930 1199 virdunum,

280 1229 490 1303 qumicnsultre
501 1228 595 1285 siletur
604 1227 640 1285 de
652 1227 784 1299 eiusmodi
802 1226 918 1297 poetica,
931 1224 1080 1281 nanmodo
1133 1223 1340 1281 Atheniensium
1363 1222 1576 1291 Numantinum,
1590 1222 1800 1280 AEscolanerom
1823 1222 1931 1279 bocbo-

280 1340 334 1381 uon
349 1323 474 1390 horretis,
490 1321 538 1379 sed
552 1323 662 1394 insuper
675 1319 826 1385 honorabo,
840 1329 926 1391 utque
938 1319 965 1374 in
979 1332 1080 1375 neees-
1132 1315 1218 1383 rism,
1231 1324 1261 1371 et
1273 1328 1353 1386 ettam
1368 1315 1548 1385 praeverterim
1567 1313 1619 1388 (ll,
1634 1313 1845 1372 Volsiniensium
1857 1312 1930 1370 lior·

280 1416 359 1474 soriis
369 1416 472 1473 artibus
484 1416 600 1472 bebetis.
626 1415 747 1486 maiorm
761 1428 811 1485 per
824 1416 893 1469 banc
905 1412 1078 1470 initiatricem
1132 1408 1208 1473 tiam,
1223 1421 1339 1477 qnorum
1351 1422 1386 1463 ne
1401 1407 1540 1463 nominum
1551 1408 1661 1480 quidem
1670 1405 1792 1479 thgnias
1805 1406 1929 1463 lrumanis

281 1510 441 1565 litteratura
461 1508 635 1580 ingenuitatis
656 1507 745 1564 studia
767 1504 927 1579 producitis.
943 1503 1080 1560 Crimissa·
1132 1500 1450 1572 cogrtomiaibosdiststl
1475 1500 1548 1558 Satis
1571 1500 1648 1558 rideo
1666 1499 1747 1558 ctiam
1770 1499 1836 1558 deos
1847 1499 1929 1558 man-

283 1609 357 1658 tores
371 1601 483 1657 deorum
499 1610 591 1672 poetas
605 1599 739 1658 eliminari
753 1599 829 1654 Pluto
850 1599 956 1655 censuit
971 1597 1079 1669 ‚ipsum
1132 1592 1223 1648 rienes
1236 1592 1367 1665 culosque
1377 1592 1533 1663 municipii,
1547 1591 1745 1663 qrribosbouor
1755 1593 1824 1649 imru
1837 1607 1931 1651 usuros

279 1693 426 1750 liemarum
435 1707 500 1749 sane
509 1690 782 1748 coronatumciritate
793 1689 957 1760 pellendum.
974 1691 1080 1745 btcona
1131 1699 1196 1742 sons
1207 1686 1412 1743 determinatur.
1428 1686 1493 1743 ilmc
1515 1686 1626 1743 libertas
1638 1686 1931 1759 adoptandorumdeo·

280 1783 694 1855 excipistisillosetrotincatis,
708 1797 757 1838 cor
770 1776 950 1838 mercaturis
961 1779 1022 1835 talia
1037 1794 1082 1836 re·
1132 1797 1191 1838 rum
1204 1796 1345 1852 quousque
1355 1779 1509 1852 profecerit,
1519 1780 1708 1854 AEprptmram
1724 1781 1930 1853 superstitiones
2046 1827 2050 1833 .

280 1874 434 1932 texentibus
445 1873 480 1930 de
493 1871 552 1930 deis
570 1874 690 1930 restris?
704 1872 787 1945 igitur
808 1873 830 1928 si
848 1872 960 1929 creditis
974 1873 1076 1943 poetis,
1094 1873 1246 1965 udonem,
1261 1873 1308 1946 qrri
1321 1875 1401 1930 ctiam
1416 1874 1519 1931 bestim
1532 1874 1767 1946 privatsscolom,
1792 1889 1855 1946 pt...
1870 1889 1932 1931 cro·

279 1966 444 2022 conlaudem
465 1966 641 2022 memlocibos
657 1965 754 2035 fertis,
775 1980 826 2022 uec
835 1965 983 2021 caretisne
994 1963 1083 2020 odona
1132 1965 1238 2023 cardiles
1255 1976 1409 2047 elanguere
1422 1980 1512 2023 strom.
1539 1967 1640 2023 Parum
1651 1977 1694 2023 est
1706 1967 1729 2022 si
1748 1967 1830 2023 etiam
1843 1967 1932 2023 bomi-

278 2058 414 2127 dstiseos,
429 2073 541 2131 qnorum
552 2058 746 2115 detrectatores
755 2058 894 2114 mussulis
906 2056 999 2114 isaac
1010 2056 1083 2114 lidos
1132 2075 1195 2117 nem
1207 2069 1408 2118 consecrarunt.
1424 2061 1502 2119 litum
1518 2061 1589 2130 dics,
1605 2076 1687 2132 eoem
1700 2074 1755 2117 nen
1765 2062 1822 2132 iant
1830 2059 1930 2133 AEgtp·

280 2153 396 2224 apsetis
420 2151 630 2224 noucsigenda.
652 2151 748 2209 Nonne
768 2150 915 2223 qtridisitis
929 2150 995 2207 dces
1018 2159 1082 2221 pest
1132 2152 1655 2221 msaotdracia,rerumtotusoruis
1658 2190 1727 2211 ......
1743 2152 1804 2209 biri
1821 2153 1929 2225 joram3

279 2253 395 2301 martem
419 2243 521 2311 iactes,
550 2243 673 2300 baumes
687 2243 854 2300 medeamini
867 2250 930 2299 ante
944 2242 1079 2298 mortem?
1131 2243 1167 2300 de
1180 2246 1258 2315 cujas
1267 2254 1339 2300 msto
1357 2244 1421 2317 quid
1435 2245 1531 2316 confici
1551 2254 1638 2315 potest
1649 2244 1719 2316 apod
1734 2255 1844 2301 nostras
1856 2245 1931 2302 litte·

278 2337 347 2407 Quid
356 2350 421 2409 ergo
433 2336 506 2403 aovi,
525 2336 625 2408 si,qei
636 2336 759 2392 borsines
771 2335 880 2401 luerim,
894 2334 1020 2390 humanis
1031 2342 1079 2391 aot
1131 2344 1218 2390 nasot
1233 2335 1379 2391 verisimile
1401 2333 1507 2391 ridetur
1523 2335 1637 2403 positum
1650 2343 1701 2392 est
1728 2334 1798 2393 Nam
1822 2336 1932 2408 Serapis

278 2429 387 2485 casibtu
400 2436 447 2484 aut
465 2427 622 2484 cautimbus
641 2436 687 2484 aut
705 2426 802 2483 isbolis
822 2425 997 2497 polluamur?
1016 2424 1080 2481 Non
1128 2424 1182 2482 iste
1203 2424 1312 2496 quitiam
1324 2424 1388 2481 olim
1409 2424 1510 2496 lescpb
1534 2424 1599 2500 (b)
1615 2464 1684 2483 ......
1707 2426 1759 2483 luit
1775 2428 1810 2484 de
1831 2444 1932 2500 ponere

278 2518 389 2576 creditis
401 2519 497 2590 metu,
514 2534 575 2575 oum
589 2518 623 2574 de
639 2518 816 2575 relationibus
826 2528 921 2574 eoram
939 2518 1021 2575 etiosa
1035 2531 1079 2574 sa·
1129 2524 1283 2574 sanctarum
1295 2554 1304 2585 ,
1316 2516 1407 2588 irmior
1420 2517 1491 2575 buter
1503 2527 1617 2575 mseras
1630 2517 1726 2575 laeuas
1739 2557 1747 2584 ,
1766 2518 1816 2575 sed
1827 2520 1919 2576 exrel-

278 2627 325 2669 cra
338 2610 678 2684 quanamdispesoeririsi
699 2611 754 2668 Cor
767 2612 869 2684 rapitur
887 2611 1016 2677 sacerdos
1026 2609 1079 2667 Ge·
1129 2610 1185 2667 sier
1200 2646 1306 2667 .........
1309 2611 1344 2667 ab
1368 2609 1465 2668 iisdem
1479 2609 1611 2669 fratribus
1630 2626 1678 2683 per
1696 2611 1808 2668 bearem
1830 2626 1930 2669 sonum

280 2705 360 2773 reris,
371 2705 394 2761 sl
410 2710 464 2759 nos
477 2703 530 2760 talc
544 2701 628 2760 Ceres
640 2716 718 2774 passa
728 2702 792 2759 estl
802 2702 856 2760 Cor
871 2700 1078 2759 Saturnoalicai
1129 2704 1157 2760 in
1172 2703 1327 2776 AEpyptum
1342 2703 1431 2773 datos,
1447 2704 1577 2762 seniebat
1590 2704 1728 2761 inlomilia
1743 2705 1815 2778 repis
1827 2704 1931 2779 AEgyp·

237 2814 240 2819 ·
278 2798 357 2877 liberi
371 2797 559 2864 immolamur,
581 2798 606 2854 si
627 2790 680 2872 tlte,
693 2796 912 2869 soisrpupcrcitt
932 2797 988 2854 Gor
1006 2797 1079 2855 ideas
1131 2803 1223 2853 torum
1235 2795 1273 2868 (c)
1285 2797 1401 2865 Pbsrao,
1413 2812 1429 2852 a
1441 2796 1631 2883 regiuojnsiuos
1642 2797 1739 2870 pudica
1750 2797 1929 2868 dmidecalus,

49 2864 52 2875 ’
275 2890 416 2947 ‘masculus
426 2896 589 2963 amputatur,
601 2891 625 2947 si
640 2890 730 2947 nullos
747 2890 785 2978 illi
800 2888 964 2949 lastidiosier
973 2891 1079 2950 adebo-
1129 2887 1254 2959 sedqoia
1266 2903 1319 2945 non
1331 2888 1544 2959 obsequebatur,
1560 2891 1726 2947 econtrario
1735 2891 1770 2947 ab
1779 2890 1873 2948 eaden
1886 2890 1932 2949 de

75 2990 107 3003 ‘⁴
197 2986 207 3029 f
277 2999 345 3041 oens
370 2982 490 3041 libidinis
523 2983 644 3042 frustata
667 2983 762 3041 dolore
783 2994 918 3042 castratos
940 2986 1002 3043 esti
1023 2986 1080 3044 Cur
1130 2980 1317 3052 intumescas
1331 2981 1358 3036 iu
1372 2981 1609 3037 carceremdatur.
1628 2981 1685 3038 lilio
1703 2982 1932 3055 somniseuibus-

162 5742 166 5751 ,
283 5704 347 5744 nuru
362 5689 425 5750 (Ios.
439 5697 563 5759 scrrpsrt,
579 5686 626 5743 illi
640 5688 684 5760 qul
696 5687 808 5761 Serapio
826 5708 855 5746 cc

279 3075 440 3135 llcrcuieum
467 3076 614 3148 polluctum
636 3077 676 3150 (a)
701 3076 829 3134 mulieres
848 3075 995 3135 Lanuuium
1021 3094 1077 3135 nan
1130 3072 1191 3130 aaa
1212 3084 1266 3129 san
1281 3084 1423 3145 perperam
1445 3072 1657 3144 interpretatus,
1682 3074 1737 3129 siro
1763 3074 1873 3146 spiritns
1886 3075 1928 3131 soi

278 3176 408 3241 gustam,
428 3169 452 3225 si
466 3183 519 3225 nou
540 3168 683 3225 taolierum
696 3181 791 3224 caussa
811 3183 830 3242 p
833 3208 899 3226 ......
914 3169 1080 3228 ilentiuntur
1130 3164 1257 3222 ostendit.
1270 3164 1374 3222 littorea
1394 3180 1444 3221 res
1467 3179 1574 3237 suapte
1589 3165 1695 3222 somnis
1711 3165 1842 3222 torribilis
1855 3180 1930 3236 aas·

281 3262 463 3334 casaperta!
480 3259 528 3318 sed
544 3275 598 3316 non
620 3259 680 3317 ideo
690 3259 761 3332 qood
775 3261 835 3317 talia
849 3263 1015 3334 gesserint...
1028 3260 1116 3333 lto-c
1133 3257 1195 3314 dam
1211 3257 1270 3326 illi,
1283 3256 1409 3314 detractis
1422 3271 1490 3329 quos
1502 3265 1700 3314 convocaverat
1714 3297 1723 3325 ,
1743 3258 1829 3314 saluit
1847 3272 1929 3328 cxpe-

278 3355 367 3412 mines
378 3371 445 3428 optas
465 3356 598 3412 defuerim
611 3370 661 3413 nec
672 3355 745 3427 quod
765 3355 873 3413 divinas
885 3357 1079 3431 adscripserint
1131 3368 1206 3409 nere.
1226 3351 1328 3425 loscpu
1341 3350 1529 3424 expedimenta
1548 3350 1583 3408 do
1596 3365 1707 3409 caream
1720 3350 1830 3408 edocuit
1840 3393 1848 3420 ‚
1859 3366 1930 3409 som-

277 3448 352 3506 io....
368 3448 525 3515 divinitatis,
543 3460 604 3504 com
615 3447 722 3504 interim
735 3447 811 3505 vobis
822 3448 977 3507 credibilius
990 3451 1077 3509 risum
1131 3450 1206 3504 nium
1220 3447 1277 3519 regi
1299 3446 1385 3518 aperit
1405 3445 1489 3527 :illos
1503 3444 1587 3502 bores
1598 3456 1708 3516 septem
1725 3445 1928 3517 opimissimos,

279 3549 321 3596 est
334 3540 515 3609 desciuisse,
528 3540 576 3597 scd
592 3554 644 3596 iton
658 3540 743 3607 tales,
766 3552 847 3611 quam
862 3543 947 3610 tales,
962 3542 1009 3600 sed
1022 3558 1078 3601 uon
1130 3542 1296 3609 delineatae,
1311 3539 1424 3598 totidem
1445 3554 1578 3595 aanmrrm
1593 3538 1746 3595 ulteriorem
1761 3538 1929 3610 significum

278 3634 354 3690 does.
1133 3635 1299 3707 posteriores
1322 3647 1399 3705 sque
1417 3641 1520 3703 septem
1545 3632 1677 3703 neptes,
1708 3631 1930 3703 summouentium

314 3724 343 3781 8.
363 3724 493 3797 Superest
508 3725 607 3797 gentile
621 3725 685 3783 illud
706 3736 792 3798 genus
804 3726 875 3783 ieter
888 3726 1002 3798 pepmes
1011 3726 1078 3785 deos
1129 3737 1233 3798 septem
1246 3740 1378 3781 aurmrom
1397 3724 1528 3796 inopiam.
1546 3723 1697 3781 Praedicare
1707 3724 1795 3795 itaquo
1807 3738 1881 3794 supe
1894 3723 1929 3781 dc

278 3830 359 3885 rom,
378 3830 446 3888 quos
459 3816 569 3873 libidine
581 3827 726 3889 sumptos,
743 3830 796 3873 nen
812 3816 965 3889 prenetitia
978 3822 1078 3877 serite-
1129 3819 1308 3877 recondendis
1332 3817 1465 3889 praesidiis
1486 3817 1514 3874 ia
1527 3816 1648 3874 loturam
1672 3816 1769 3873 lanum
1787 3815 1822 3872 de
1843 3818 1922 3889 copia

280 3911 332 3978 tis,
343 3910 422 3966 docet
432 3910 534 3981 priuata
548 3908 652 3967 notitia.
668 3911 754 3967 mont
765 3922 830 3982 erge
840 3910 969 3969 existisse
978 3912 1093 3985 ubique
1128 3913 1238 3984 priore,
1261 3909 1452 3982 crediditren
1479 3910 1566 3966 stitus
1579 3924 1669 3967 rernm
1683 3919 1710 3965 ct
1719 3907 1882 3980 prodentem
1895 3917 1924 3964 et

279 4010 384 4068 notum,
399 4001 499 4073 ubique
512 4010 684 4072 presentem,
699 4000 797 4073 abinoe
813 4001 1077 4071 destinassemus·
1130 4014 1252 4063 muctam
1266 4019 1373 4076 semper
1389 4004 1571 4061 stocessarinm
1590 4003 1724 4075 probarit.
1738 4002 1831 4074 itaque
1849 4002 1925 4059 Piru-

279 4091 359 4148 oibos
373 4090 525 4157 colendam,
536 4091 661 4149 omnibus
671 4092 875 4151 demerendum.
886 4095 922 4151 dt
934 4096 1077 4155 enimcum
1129 4111 1178 4155 rao
1200 4096 1332 4153 uniuersae
1344 4094 1462 4169 AEgypto
1473 4104 1502 4153 et
1514 4094 1711 4154 frumentando
1722 4104 1750 4151 et
1766 4094 1865 4152 exinde
1878 4111 1925 4152 coa

279 4182 318 4240 illi
332 4194 450 4257 mosque,
465 4194 534 4257 eoos
547 4184 700 4244 totusorbis
713 4186 892 4245 communiter
905 4187 989 4258 sobi,
1005 4192 1079 4247 cnci-
1129 4190 1222 4249 tandm
1231 4204 1293 4247 som
1308 4187 1524 4263 praescribimus
1533 4188 1690 4263 Serapidem
1699 4203 1734 4248 ot
1743 4187 1928 4262 smeestuldl,

899 4298 1091 4365 subsistitis
1108 4298 1313 4363 valiturus.
1418 4364 1420 4367 ,
1502 4306 1506 4315 ’

279 4453 281 4457 ι
313 4396 349 4460 (li
368 4392 613 4460 moranensem.

962 4501 1249 4569 COMMENTARIUS.

318 4623 358 4695 (a)
377 4621 532 4679 Hercrrleam
548 4620 698 4692 polluctum.
723 4617 1073 4679 Poilsctnmiicrcoiiserst
1123 4622 1594 4698 alibilsimctscrapinridoialoisse
1604 4614 1738 4697 AEryprtts
1756 4621 1928 4691 venenata,

282 4693 487 4751 Esculemarmn
510 4691 612 4749 decima
636 4707 719 4764 pars,
735 4706 796 4763 qoae
817 4691 925 4747 llerculi
948 4690 1072 4753 dabatur.
1131 4696 1176 4753 iric
1196 4695 1380 4753 tantumsddo
1394 4692 1598 4753 detestationem
1659 4693 1928 4778 yptlacteimpielstis

281 4765 359 4834 Apud
375 4766 508 4831 Plautum,
521 4763 626 4819 iicrcuii
651 4763 787 4833 pollucere
808 4761 941 4824 decimam
961 4776 1077 4834 partem.
1129 4766 1627 4840 qumbabeturapudGrepllaz.orat.
1654 4766 1931 4823 alomannorum·

283 4835 416 4892 Putabam
436 4836 563 4892 nimirum
587 4834 612 4891 id
638 4832 940 4895 ielicesaclortoaatos
955 4838 1079 4894 bominac
1129 4839 1211 4911 plecti
1228 4838 1388 4906 loculenter,
1415 4853 1528 4911 earnque
1559 4852 1635 4895 marc
1657 4837 1733 4895 Beati
1760 4836 1832 4894 illius
1847 4837 1930 4908 patris

276 4905 407 4973 reddere.
422 4905 631 4979 Apodeomdem
645 4905 777 4971 Picumno,
788 4905 920 4964 obsonare
935 4909 1079 4980 pollucibi·
1131 4912 1320 4982 conscriptam.
1330 4910 1368 4966 Ls
1383 4911 1432 4966 Po.

282 4978 356 5059 liter.
373 4974 398 5033 id
412 4988 454 5034 est
465 4975 607 5049 splendide
619 4985 646 5032 et
659 4975 779 5047 opipare3
792 4975 832 5033 sic
844 4991 922 5036 coena
936 4979 1080 5052 pollucibi·
1169 4981 1205 5052 (c)
1215 4980 1248 5064 la
1259 4980 1361 5109 {amilio
1370 4982 1436 5108 regis
1451 4968 1647 5064 AEppptlorant.
1657 4977 1718 5064 Ulmo
1729 4977 1864 5062 iniamilia
1876 4976 1930 5035 Po·

281 5048 325 5104 lrs.
341 5046 443 5106 LsPn.
1132 5052 1246 5123 lipltsrrs
1284 5053 1383 5110 onocbi
1417 5051 1860 5123 iraraonrs,nisrdroamosrpsnm
1875 5050 1929 5107 Eu·

320 5118 359 5193 (b)
379 5118 486 5191 Serapis
503 5116 549 5174 isrc
561 5116 666 5189 quidam
678 5117 739 5173 olim
749 5115 858 5189 sarept.
872 5119 995 5180 Rufinus
1006 5120 1077 5179 ffist.
1133 5122 1251 5180 nochum
1270 5124 1298 5180 io
1315 5123 1416 5180 familia
1429 5123 1501 5196 regis
1516 5122 1607 5179 luisse.
1622 5120 1675 5179 Sed
1692 5122 1720 5178 in
1740 5122 1790 5179 bac
1802 5120 1930 5192 deinceps

272 5190 329 5260 Η,
338 5191 383 5247 ubi
395 5191 430 5248 de
442 5199 528 5246 status
541 5188 688 5259 Serapidis.
697 5188 810 5256 Quidam
820 5192 846 5246 io
854 5194 982 5251 benenom
991 5195 1078 5252 nestri
1131 5190 1242 5253 historia
1255 5194 1365 5266 losepbi
1379 5194 1488 5252 aberrat
1499 5192 1680 5251 Tertullianus
1695 5195 1793 5250 ilerum
1806 5206 1839 5248 ac
1848 5194 1929 5249 tertie

282 5260 382 5334 loseph
408 5261 551 5318 formatum
568 5258 709 5329 perbibent
719 5260 901 5331 simulacrum,
918 5265 954 5323 eb
967 5266 1077 5322 diuisio-
1130 5266 1164 5322 ab
1179 5267 1212 5322 iis
1225 5281 1285 5337 qoae
1298 5266 1407 5324 tradidit
1419 5264 1507 5322 lloses
1527 5264 1627 5322 lienes.
1642 5265 1691 5327 sii,
1706 5272 1734 5321 ct
1747 5264 1817 5321 libro
1829 5262 1929 5320 adrer-

284 5349 346 5389 ocm
392 5330 541 5400 incruenti,
584 5346 637 5401 erro
675 5330 753 5387 lamis
794 5340 915 5407 tempore
952 5338 1077 5393 subvenit
1129 5352 1175 5394 sos
1196 5336 1322 5406 ludaeos,
1337 5336 1429 5408 capi
1464 5335 1602 5393 lristoriam
1626 5335 1719 5394 Abelis
1733 5334 1850 5394 alduini
1869 5342 1927 5391 tra·

284 5400 435 5488 AEgymiis.
462 5400 502 5461 Ex
527 5418 560 5486 se
587 5402 688 5487 igitur,
713 5403 785 5475 quad
811 5406 882 5463 aod
907 5408 1076 5465 Christianos
1128 5409 1211 5465 clarit
1223 5407 1415 5481 indiligentius.
1430 5378 1469 5465 lm
1485 5407 1534 5464 Pn.
1646 5470 1649 5475 f

282 5474 392 5546 Seraprs
410 5474 492 5548 figora
514 5473 564 5558 iort
576 5471 686 5545 loseplu
706 5485 733 5557 et
746 5420 881 5559 losepflos
901 5480 984 5551 ligius
998 5478 1076 5536 Clari·
1165 5479 1205 5553 (d)
1220 5478 1297 5535 Hauc
1307 5478 1459 5551 Serapidem
1469 5495 1502 5535 ca
1515 5488 1642 5552 coopertu.
1658 5476 1801 5535 Gomulum
1812 5487 1930 5535 etacer·

283 5547 375 5614 sti,in
402 5562 523 5604 errorem
550 5544 673 5603 inductos
697 5544 780 5603 inisse
812 5547 926 5607 videtur*
940 5550 1075 5608 Adrianus
1129 5567 1191 5606 uum
1213 5548 1361 5624 intelligere
1384 5549 1506 5616 ridetur,
1526 5565 1607 5623 qoem
1628 5549 1802 5622 Graecixaptt
1824 5548 1929 5617 dieunt,

283 5620 352 5688 ling.
368 5619 395 5673 in
410 5616 649 5701 epistoluoqoadam
661 5657 669 5683 ,
683 5616 727 5673 ubi
740 5615 774 5673 dc
786 5617 905 5747 AEgypto
917 5621 952 5678 ad
966 5621 1074 5679 Servio
1128 5618 1266 5680 Frumenti
1279 5622 1381 5679 scilicet
1391 5622 1528 5679 cumulum
1538 5663 1547 5689 ,
1559 5620 1639 5678 modii
1649 5619 1733 5693 figora
1743 5621 1927 5704 designatum.

869 5704 913 5747 arm
923 5736 932 5761 ,
944 5692 1076 5748 citrimiarrl
1128 5692 1266 5762 Rollinus,
1281 5693 1362 5766 Cuius
1375 5700 1451 5766 copul
1472 5692 1572 5748 aredius
1584 5694 1759 5764 superpositus
1778 5692 1871 5747 indrcet
1885 5692 1928 5747 oi·

282 5769 340 5839 rum
351 5776 361 5813 .·
374 5770 397 5814 ct
410 5761 491 5815 deuoti
514 5768 573 5815 ram
595 5757 688 5829 Serapi
700 5800 708 5825 ,
721 5761 765 5826 etri
777 5778 804 5816 rc
815 5758 909 5819 Christi
934 5763 1027 5836 Epiros
1047 5780 1076 5821 as
1128 5773 1179 5819 lant
1192 5765 1340 5822 mortalibus
1354 5767 1457 5838 [rapum
1470 5764 1588 5836 lorpitolc
1601 5764 1717 5834 proebcri.
1732 5761 1819 5820 Julius
1830 5762 1931 5819 liconi-

282 5829 379 5907 drsttru.
391 5824 464 5909 idem
474 5828 589 5895 ioscplt,
603 5832 663 5898 eoin
676 5831 750 5885 Sarae
766 5847 898 5904 pronepos
909 5877 918 5904 ,
929 5836 1001 5894 lulio
1037 5836 1076 5890 ir·
1127 5849 1197 5903 cus,
1215 5835 1335 5905 Medios,
1350 5853 1400 5905 quo
1422 5836 1589 5892 esurientibus
1604 5845 1628 5893 ct
1642 5835 1783 5896 amariora
1798 5834 1929 5907 {ramerud

282 5908 352 5950 ¹¹1¹⁸⁰
363 5894 484 5966 ssstspu.
499 5897 558 5954 lira.
575 5927 609 5938 ·-
626 5898 694 5955 Nam
717 5900 823 5971 Serapis
850 5907 906 5965 r'tlc.
926 5906 1077 5965 bonoram
1128 5906 1265 5980 diuiserat,
1279 5909 1358 5980 capili
1371 5907 1544 5981 superpositas
1557 5904 1715 5969 etl.LsPn.
