4242 6259
175 365 181 378 ¹
283 315 337 417 sus
815 343 850 405 tn
868 337 1102 404 tonruuuttttt
1119 332 1387 401 emtousrtaun
1879 325 1941 394 ooo

283 483 453 545 temporum,
475 467 608 524 lructuum
630 470 658 519 et
680 457 814 518 seminum
835 460 966 531 exemplis
985 472 1079 515 corro-
1095 454 1231 519 Antenoi
1249 452 1366 509 bominls
1380 450 1414 507 nd
1431 451 1513 508 vitem
1537 463 1704 523 regressum,
1727 448 1939 507 tum'caotinoa
1981 453 1985 458 '

283 564 382 624 bornre
394 570 506 619 conotus
518 559 605 614 lucret
618 554 796 628 (Tertullinus,
808 555 1021 627 dpeloqel.‚'eap.
1033 553 1080 619 ts,
1134 546 1253 603 ostendit
1266 544 1374 618 quondo
1386 559 1482 602 omnes
1500 543 1625 601 bomines
1639 559 1779 616 resurgere
1793 542 1909 601 debeant
1925 563 1934 600 :

284 655 334 710 cul.
362 653 434 724 45),
458 650 520 707 iude
545 648 695 720 :urguebunt
717 646 817 703 ethnici
844 664 851 700 :
879 647 951 718 Ergo
973 660 1083 715 semper
1134 638 1578 712 uuuao1,tnqutr,qourno,
1602 638 1628 694 id
1649 646 1709 703 est,
1725 639 1806 695 dubio
1820 639 1933 709 procul,

283 744 454 801 moriendum
479 741 554 807 erit,
581 749 609 796 et
632 754 739 810 semper
767 736 973 808 resurgendum.
1000 736 1082 806 Atqui
1133 733 1244 789 uerbum
1265 740 1293 790 et
1306 747 1396 789 sermo
1412 733 1477 799 bei,
1491 732 1632 804 composuit
1645 732 1747 787 emulis
1759 731 1768 801 l
1781 730 1933 787 Tertulliao.

283 837 335 892 boe
349 835 426 905 plene
439 832 585 889 absurdum
597 840 652 901 est.
668 830 721 888 Sed
736 830 840 901 primo,
856 827 1001 901 respondet
1013 827 1081 884 Ter·
1136 826 1289 898 sputoque,
1302 842 1360 897 epp.
1377 825 1428 892 lb,
1444 826 1494 882 col.
1510 825 1577 898 ts),
1593 838 1659 893 seu,
1673 824 1722 882 sibi
1738 823 1854 880 inuicem
1866 837 1941 880 con:

282 927 430 993 ltdiioous,
445 928 467 982 si
481 926 518 981 itu
537 939 622 981 rerunt
640 923 765 978 Daritinns
784 922 951 989 destinasset,
972 921 1082 993 luptatis
1132 925 1238 991 trariis,
1261 925 1303 980 rel
1330 924 1409 981 sicuti
1434 924 1461 979 io
1484 923 1537 979 elio
1559 922 1628 979 libro
1651 921 1737 991 dixit,
1766 938 1798 977 ee
1828 921 1935 977 dincrst's

282 1022 434 1093 reperireris
449 1020 602 1076 conditionis
616 1014 933 1088 toutonemllbid.),hoc
945 1023 1004 1083 est,
1018 1014 1081 1085 quio
1132 1017 1279 1074 substantiis
1289 1035 1299 1083 ,·
1319 1026 1347 1073 ut
1367 1017 1413 1073 sub
1434 1018 1531 1072 unitate
1552 1024 1695 1070 constarent
1717 1013 1823 1090 (idem,
1838 1012 1882 1069 tit.
1902 1015 1935 1069 du
1954 1070 1957 1074 ,

282 1129 363 1171 uerus
387 1121 416 1170 et
440 1113 612 1183 omnipotens
643 1111 714 1166 ileos
744 1108 865 1163 auritium
900 1103 1018 1171 rerunt,
1049 1120 1081 1162 ne
1137 1109 1375 1182 Pallio.eap.2);
1399 1108 1566 1165 beccndetn
1590 1110 1660 1165 rollo
1684 1108 1718 1164 nb
1742 1107 1821 1177 bujus
1837 1106 1929 1161 mundi

281 1206 396 1279 proinde
415 1207 509 1262 mortis
529 1214 557 1261 ct
579 1206 640 1259 sitne
663 1203 788 1258 dontinus
810 1210 869 1269 est,
887 1200 1082 1272 potestatique
1139 1201 1250 1258 exordio
1273 1212 1378 1273 tempus
1392 1201 1476 1257 fluere
1490 1199 1590 1272 uoluit,
1610 1199 1683 1271 quod
1701 1213 1788 1272 usque
1802 1199 1836 1255 nd
1849 1213 1934 1270 oppo-

281 1316 335 1357 uon
349 1298 433 1356 semel
448 1306 569 1364 tanturn,
590 1295 638 1351 sed
653 1296 732 1350 toties
744 1294 881 1350 bominem
898 1301 1033 1348 mortuum
1047 1290 1081 1347 ad
1133 1292 1215 1347 sitem
1250 1292 1300 1363 ipsi
1328 1293 1505 1349 :eternitatem
1531 1306 1639 1364 semper
1658 1290 1766 1348 dedunt.
1796 1292 1831 1347 tlt
1861 1293 1936 1348 inter

281 1392 362 1447 titum
379 1389 497 1446 essitare
509 1430 517 1456 ‚
531 1388 643 1459 anottes
655 1385 781 1441 voluerit.
797 1384 824 1441 Si
837 1399 902 1456 erpo
920 1383 1023 1439 bomini
1035 1399 1082 1440 un·
1133 1385 1264 1442 inlinitum
1279 1387 1492 1458 immensumque
1504 1386 1681 1443 eternitatem
1701 1400 1733 1441 ee
1746 1384 1848 1441 linitum
1862 1392 1936 1442 tem·

280 1485 336 1540 rios
356 1482 390 1538 od
409 1483 491 1537 sitnm
514 1480 617 1537 reditus
635 1478 815 1545 decreuisset,
841 1477 910 1533 berto
929 1477 975 1532 ille
994 1477 1080 1548 legem
1133 1482 1484 1553 pusinterposuitmedium
1496 1479 1620 1551 litoitern,
1632 1481 1933 1553 quoasumlrtpoloqen

280 1578 388 1647 inpratis
409 1574 588 1646 experiretur.
614 1573 687 1628 Dixit
709 1582 798 1627 nutem
823 1572 950 1642 ioqrutis,
969 1570 996 1626 id
1020 1580 1080 1640 cst,
1133 1572 1183 1628 loc.
1199 1572 1273 1645 eit),
1289 1574 1347 1630 siue
1362 1580 1447 1629 totunt
1462 1573 1529 1630 iilud
1542 1572 1633 1629 mundi
1649 1581 1753 1643 empus
1769 1572 1891 1638 notrum,
1907 1580 1935 1628 ct

247 1647 251 1658 ’
280 1668 374 1735 insite,
393 1682 425 1722 ee
439 1676 533 1723 contro
548 1665 724 1721 uoluntatem.
740 1664 780 1718 Eo
794 1662 868 1719 enim
883 1678 965 1719 sensu
981 1664 1082 1718 dttetar
1133 1664 1236 1721 induite
1255 1667 1392 1723 eternitas
1414 1668 1524 1737 incipiet
1538 1686 1545 1722 ε
1560 1665 1594 1721 ln
1608 1683 1637 1722 ea
1654 1675 1740 1722 antero
1758 1666 1849 1721 nbima
1868 1676 1932 1721 teot-

280 1763 338 1832 ipse
356 1770 448 1816 noster
469 1758 521 1813 boe
541 1741 625 1814 uerbo
647 1771 720 1827 ssnpe
742 1771 805 1811 usus
824 1766 885 1822 cst,
907 1756 962 1811 into
981 1756 1082 1825 etipse
1126 1760 1221 1840 poris,
1236 1768 1259 1813 et
1273 1762 1357 1829 primo
1374 1761 1524 1815 aternitatis
1541 1759 1638 1827 limite,
1649 1759 1811 1827 restituetur,
1827 1757 1931 1829 lnquit,

284 1852 390 1917 Cicero,
405 1851 600 1921 extorquendum
613 1859 659 1915 est,
676 1849 772 1920 inquit,
787 1849 866 1904 inrito
879 1859 954 1918 atqtrc
971 1848 1078 1920 irroratis
1093 1855 1205 1915 Bootne
1228 1851 1367 1906 bumurtnrn
1385 1869 1464 1923 penus
1483 1852 1517 1905 od
1534 1851 1732 1923 eapnnqeodnm
1751 1852 1820 1921 quad
1838 1851 1866 1904 in
1884 1851 1935 1906 iste

278 1944 347 2018 qnod
361 1961 413 1999 uon
425 1944 507 1998 delet.
525 1943 558 1999 Et
573 1942 636 1998 ntibt
652 1960 659 1998 ε
674 1942 823 1998 Retiasbunt
836 1958 893 2014 qua
906 1951 1025 2012 poterunt
1042 1942 1076 1996 li·
1129 1958 1199 2008 oeoo‚
1222 1945 1343 1999 mortalis
1364 1943 1425 1999 titre
1439 1947 1520 2012 ssuse,
1544 1943 1603 1999 boni
1626 1960 1670 1999 seu
1693 1943 1754 1999 ntuli
1774 1944 1884 2009 nemis,
1908 1951 1934 1997 et

279 2040 374 2106 beuter,
389 2039 472 2094 dicent
485 2054 541 2109 qna
555 2053 654 2092 necesse
666 2037 712 2091 erit
724 2036 853 2107 inurutirl
867 2033 956 2100 Ideni,
974 2051 1032 2105 cup.
1047 2035 1075 2102 d,
1130 2036 1221 2089 emitur
1234 2035 1430 2107 dependendum
1444 2037 1470 2089 in
1483 2037 1632 2091 iutotensaot
1641 2035 1790 2091 eternitatis
1802 2035 1933 2107 perpulsi·
1997 2045 2002 2056 ·

279 2129 329 2184 col.
352 2131 380 2185 5.
400 2131 445 2186 lib.
465 2131 567 2185 adum.
585 2127 723 2200 Hermope.
734 2169 742 2194 ,
755 2144 813 2199 cap.
830 2127 883 2195 ts,
897 2137 922 2182 el
945 2126 989 2184 ttb.
1015 2128 1075 2182 ado.
1130 2134 1206 2181 tutem
1218 2124 1324 2200 (ibid.).
1339 2127 1377 2182 lto
1391 2126 1535 2198 inlligeltii
1552 2126 1705 2199 etentiquis
1715 2126 1888 2192 editionibus,
1900 2141 1932 2182 nc

283 2219 419 2277 Valentius
438 2239 498 2292 cup.
522 2220 575 2288 sb,
600 2238 661 2292 pap.
686 2220 749 2276 otto.
770 2221 824 2275 Cle.
844 2229 909 2276 orat.
934 2225 1016 2292 pilosa
1030 2236 1077 2291 pro
1129 2219 1319 2290 manuscriptis
1332 2219 1432 2275 nostris
1445 2220 1594 2276 codicibus.
1608 2220 1644 2275 tr
1662 2221 1688 2274 io
1709 2219 1784 2276 cusis
1797 2219 1931 2290 aliquibus

279 2312 396 2380 Quieta„
411 2329 471 2384 paq.
490 2311 524 2378 9,
539 2311 586 2369 lin.
600 2310 629 2380 2,
642 2319 666 2366 et
680 2310 723 2366 tlt.
738 2309 774 2367 tu
787 2312 815 2366 to
832 2309 923 2377 Vere„
934 2328 996 2383 pap.
1014 2311 1075 2376 tus,
1128 2311 1236 2383 iegitur,
1252 2313 1516 2384 deprehendendam,
1531 2315 1585 2384 'pro
1605 2312 1820 2383 dependendum,
1836 2320 1884 2367 eut
1901 2311 1931 2368 itt
1945 2331 1958 2360 x

284 2406 330 2462 lin.
349 2405 383 2462 tu
394 2406 415 2475 l.
430 2405 561 2462 cernisne
582 2402 690 2460 nornine
706 2405 812 2460 libenter
831 2414 858 2460 et
871 2404 898 2460 in
911 2405 1010 2476 pratis,
1025 2403 1076 2459 sibi
1128 2403 1188 2459 eliis
1207 2405 1299 2459 exinde
1316 2404 1520 2476 dependendum.
1542 2403 1573 2460 ln
1587 2404 1647 2460 aliis
1662 2418 1742 2476 porro
1753 2403 1804 2459 boc
1818 2403 1930 2478 uerbum

276 2499 391 2555 inuicem
408 2499 507 2570 opponi
517 2486 536 2553 ‘l'
1128 2498 1235 2569 penitus
1249 2498 1383 2554 subletum
1397 2507 1448 2555 est.
1463 2499 1555 2570 Neque
1574 2498 1637 2554 illud
1656 2498 1735 2555 rolde
1748 2479 1929 2555 necessarium

288 2571 468 2661 'Respondet
492 2588 611 2646 secundo
635 2586 816 2645 Tertullianus
837 2606 844 2643 ε
865 2589 896 2643 rtt
917 2604 984 2643 eune
1008 2588 1078 2644 Dens
1129 2571 1254 2656 uidetur,
1273 2590 1295 2644 sl
1318 2589 1401 2645 verbo
1422 2589 1638 2662 esponpendum,
1654 2590 1691 2647 ibi
1711 2604 1726 2644 n
1744 2589 1923 2656 Tertulliano,

275 2699 327 2737 troo
348 2683 423 2738 utitur
445 2682 595 2748 destinauit,
618 2697 695 2750 quant
720 2680 865 2752 predicavit
891 2679 1076 2750 (Turullium,
1128 2681 1198 2736 sicut
1210 2680 1272 2735 olibi
1286 2719 1294 2748 ,
1310 2690 1338 2737 et
1356 2681 1391 2737 ab
1403 2681 1463 2737 eliis
1477 2682 1660 2753 scriptoribus
1673 2692 1795 2738 sumetur
1805 2695 1852 2753 pro
1866 2698 1927 2753 per-

275 2774 434 2847 sputoque,
450 2773 502 2828 coi.
517 2772 573 2839 ts,
589 2789 649 2845 pap.
666 2772 726 2842 lb),
742 2772 767 2826 iu
783 2772 869 2827 sacris
892 2772 1018 2827 nlntirnm
1029 2815 1036 2839 ,
1049 2781 1078 2828 ut
1128 2772 1286 2828 soluendum.
1307 2772 1360 2829 Sed
1380 2773 1402 2829 si
1422 2773 1456 2830 sb
1473 2776 1665 2846 eoneclpintttr
1679 2789 1730 2846 pro
1742 2773 1880 2830 reddenda
1892 2772 1928 2828 ob

275 2881 358 2937 supro
378 2867 547 2934 steterimus,
563 2863 723 2937 scripturis,
737 2865 811 2920 ubie
831 2874 1000 2923 sestntututn
1016 2880 1077 2922 esse
1129 2863 1285 2921 bominibus
1306 2879 1419 2936 operum
1444 2881 1554 2921 suorum
1577 2880 1700 2931 suntme,
1724 2866 1928 2937 rationibusque

274 2955 403 3030 prodient
431 2958 532 3016 bomini
559 2958 642 3016 morel
668 2956 856 3024 moriendum,
879 2957 1016 3029 semelque
1031 2973 1076 3015 re·
1131 2957 1337 3029 computandis,
1351 2968 1432 3029 utque
1445 2959 1630 3028 absolvendis,
1647 2959 1758 3016 retineri
1771 2959 1850 3016 debet
1863 2973 1928 3015 rer·

275 3052 459 3124 surgendum„
1128 3051 1193 3106 bum
1225 3050 1292 3106 illud
1330 3049 1546 3121 dependendum
1575 3054 1610 3107 its
1648 3061 1677 3108 ut
1709 3036 1752 3108 bie
1782 3052 1816 3108 sit
1852 3052 1927 3108 illius

312 3143 434 3214 lienique
453 3143 598 3215 respondet
619 3141 743 3199 tremines
758 3138 820 3198 ideo
833 3156 993 3214 resurgere,
1009 3150 1038 3197 ut
1051 3144 1078 3197 iu
1129 3156 1225 3198 sensus
1246 3142 1446 3199 :restituentur
1474 3157 1571 3199 omnes
1590 3144 1700 3200 omnino
1724 3144 1866 3211 homines,
1896 3152 1928 3199 ut

275 3237 424 3292 intorensaor
445 3237 599 3306 eternitatis,
612 3235 824 3307 perpetuitatem,
849 3235 981 3306 accipiunt
1004 3233 1113 3311 quode
1130 3243 1337 3306 computentur,
1357 3235 1562 3301 examinentur,
1584 3247 1612 3292 et
1632 3236 1801 3291 absolventur
1819 3244 1927 3292 cunctus

274 3331 338 3387 rnnli
360 3340 406 3396 snt
429 3331 490 3387 boni
513 3331 540 3386 in
564 3329 615 3385 bne
629 3329 684 3383 rite
695 3336 855 3384 meruerunt
868 3326 966 3402 (lita).
987 3328 1076 3384 &incl
1129 3324 1192 3380 boni
1206 3326 1325 3396 malique
1345 3341 1440 3382 eorum
1455 3327 1544 3382 meriti
1558 3327 1697 3397 notiones,
1715 3342 1747 3383 ee
1762 3326 1859 3384 deiude
1877 3341 1929 3397 per

274 3413 356 3496 igitur
374 3424 474 3481 debent
494 3423 528 3480 nd
551 3424 632 3480 sitnm
658 3424 788 3478 retoenri.
814 3422 910 3479 Postea
934 3422 1005 3488 euim
1018 3437 1077 3487 nce
1132 3426 1219 3474 tutem
1230 3421 1406 3475 (eternitatem
1427 3419 1492 3475 illud
1510 3419 1663 3491 dependunt
1676 3420 1841 3488 resolvunt,
1855 3418 1928 3492 quod

274 3530 347 3571 mors
372 3516 443 3578 erit.
461 3529 512 3574 uec
526 3513 704 3581 resurrectio,
718 3513 766 3570 sed
778 3523 878 3570 aeternn
892 3515 956 3570 tite.
1127 3525 1176 3581 per
1201 3510 1271 3566 bone
1296 3512 1377 3566 vitatu
1403 3522 1569 3570 meruerunt.
1593 3516 1629 3569 At
1652 3512 1797 3569 Suetonius
1816 3513 1928 3572 verbum

311 3606 413 3662 Dehine
426 3623 491 3664 tero
505 3609 537 3663 iis
552 3610 632 3664 etiem
646 3609 781 3675 occurrit,
797 3609 842 3678 qui
856 3608 992 3678 obiecture
1004 3608 1081 3684 sole·v
1127 3618 1256 3675 espnttqo,
1282 3603 1335 3660 boe
1355 3605 1472 3662 seeundo
1496 3606 1692 3677 signillcetione
1713 3606 1869 3663 adhibuisse
1888 3607 1929 3665 ti·

274 3696 340 3753 bunt
358 3697 417 3752 lteri
441 3713 493 3753 non
517 3711 617 3769 posse,
642 3709 671 3755 ut
690 3712 789 3770 corpus
810 3699 927 3756 bominis
942 3699 1077 3772 protendo
1128 3694 1226 3762 detur,
1242 3695 1285 3752 ubi
1302 3695 1461 3752 detjlnudla
1473 3696 1580 3753 consere
1593 3697 1720 3768 scripsit:
1736 3697 1800 3753 Cum
1812 3698 1929 3754 eunom

274 3791 460 3860 immensoque
474 3791 540 3846 mori
552 3791 742 3857 submersum,
758 3790 896 3847 redactum
910 3792 936 3847 in
950 3793 1074 3859 cineres,
1127 3802 1213 3842 letum
1227 3797 1284 3842 πω
1296 3798 1449 3860 allium!
1465 3789 1585 3858 (slewi-
1601 3789 1628 3844 ffb
1649 3787 1699 3844 Vll·
1708 3787 1819 3855 Claudii,
1834 3787 1849 3862 l
1862 3789 1928 3860 ¹5).

274 3898 289 3937 o
314 3882 425 3949 bestiis,
451 3893 478 3939 et
497 3883 641 3953 eliqnoudo
663 3881 697 3937 nb
717 3882 871 3939 bominibus
895 3884 1074 3953 devoratum,
1127 3876 1221 3947 idest,
1237 3879 1388 3948 estquidam
1403 3880 1590 3946 observarunt,
1606 3879 1761 3947 ordinaret,
1775 3875 1931 3952 eccotnpu-

276 3977 366 4048 ipsum
381 3975 454 4033 idem
470 3975 616 4046 aliquunde
635 3985 756 4047 resttmot
771 3993 779 4031 :
793 3975 864 4031 Nato
885 3976 952 4046 Del,
967 3978 1074 4050 inquit,
1127 3980 1196 4027 teret
1218 3972 1326 4042 quinem
1349 3989 1382 4028 ex
1404 3973 1520 4029 decuriis
1542 3976 1569 4030 in
1590 3973 1710 4045 judicum
1733 3988 1848 4048 numera
1867 3990 1928 4034 ser·

255 4047 310 4125 ‘est
330 4070 439 4125 tridilnm
449 4058 549 4141 ipsunt‘,
562 4069 636 4140 errius
649 4078 672 4124 et
686 4067 790 4142 totam(
806 4067 1074 4142 lutulentorum
1129 4062 1208 4118 tandi
1232 4074 1333 4119 esseut·
1357 4063 1415 4123 ttne
1442 4080 1550 4137 quoque
1577 4077 1674 4122 vocant
1699 4066 1757 4123 ltaec
1785 4067 1928 4140 Papiniani

274 4161 348 4219 Deus
368 4162 456 4217 omniq
472 4177 504 4218 ex
521 4160 605 4218 nihilq
618 4160 769 4231 creaverit,
795 4177 828 4218 20
849 4170 902 4217 pam
926 4159 964 4218 pqr
987 4163 1075 4218 exuis.
1128 4154 1208 4210 uerba
1225 4176 1231 4211 :
1246 4154 1288 4210 Es
1301 4172 1379 4212 causa
1391 4157 1540 4214 desertionis
1552 4168 1654 4214 natulm
1666 4175 1696 4214 ae
1707 4160 1850 4224 radlntnsi,
1864 4169 1929 4218 leot·

274 4255 367 4322 tentis,
381 4271 462 4327 quern
477 4270 530 4311 nun
544 4255 717 4322 exsistentis,
732 4262 760 4311 et
777 4253 855 4311 nihili
873 4254 909 4311 sit
930 4254 1074 4323 dominus,
1126 4249 1217 4320 peris,
1236 4252 1304 4320 quod
1325 4243 1356 4305 'in
1380 4243 1521 4307 desertione
1545 4253 1639 4321 suern,
1665 4253 1802 4325 impendiis
1829 4270 1948 4324 noua·

274 4356 362 4419 potest
399 4357 472 4404 certe
512 4347 720 4422 quodcumque,
750 4362 804 4420 quo
835 4348 885 4418 ipsi
902 4387 906 4395 .
924 4348 1073 4419 placuerit,
1126 4343 1194 4414 pilus
1208 4342 1318 4414 (bipart.
1332 4344 1376 4400 lib.
1391 4342 1485 4412 xtttt,
1501 4347 1542 4400 lit·
1558 4345 1603 4412 tt,
1617 4347 1667 4418 led·
1681 4346 1728 4415 15,
1744 4347 1776 4401 de
1786 4344 1816 4402 re
1827 4344 1925 4419 milit).

273 4440 354 4497 mode
374 4447 402 4497 et
426 4439 514 4497 lacere
527 4448 563 4496 ,et
585 4440 707 4497 relicere.
732 4440 816 4498 ilceto
840 4441 920 4513 igitur
942 4440 1006 4497 bine
1029 4441 1075 4498 ille
1162 4433 1297 4507 Quidquid
1316 4451 1397 4507 porro
1415 4438 1451 4494 sit
1468 4438 1502 4494 de
1516 4440 1640 4495 Auctoris
1652 4439 1739 4496 nostri
1754 4454 1818 4497 rere
1832 4441 1928 4513 geuui-

273 4532 409 4589 sonnludit
434 4551 443 4588 τ
457 4531 614 4606 Ubicumque
639 4534 773 4598 resolutus¹
789 4534 883 4604 fucris,
909 4549 1075 4605 quecumque
1126 4541 1215 4598 utque
1228 4528 1352 4593 lectione·
1363 4536 1441 4586 ῦθῐῑῠ
1454 4529 1564 4601 quidem
1576 4530 1676 4586 θθῐῑῑῦῦ
1690 4545 1752 4588 0⁸⁸0
1761 4530 1856 4598 docet,
1868 4529 1927 4587 5⁰¹0

272 4636 298 4682 e
310 4627 418 4684 mareon
431 4626 599 4694 mirerere,
616 4626 742 4690 transeut,
758 4627 893 4683 abutereris
904 4668 912 4695 ,
925 4628 952 4682 to
966 4626 1074 4682 rrttntum
1085 4639 1114 4701 p
1126 4631 1156 4677 ut
1174 4622 1378 4692 expetuntur,
1395 4632 1423 4681 er
1443 4631 1568 4680 scemate
1581 4625 1812 4692 criminosioris
1832 4623 1927 4684 ntumn

273 4720 437 4791 prudeperr't,
452 4720 539 4775 reddet
553 4730 577 4774 se
591 4718 600 4790 l
612 4717 681 4775 ibid.
698 4718 720 4791 ).
734 4717 787 4774 Sed
800 4736 849 4779 nos
870 4719 947 4791 piore
962 4699 989 4774 tit
1006 4718 1074 4775 bunc
1127 4715 1226 4772 curisti
1245 4715 1347 4786 judicio
1372 4715 1539 4787 singulorum
1566 4716 1706 4775 bontinttnt
1729 4716 1834 4774 merite.
1854 4714 1929 4773 Teo·

271 4823 332 4868 rcm
353 4812 379 4867 io
394 4811 578 4884 superioribus
592 4815 693 4869 nostris
705 4813 939 4870 dissertationibus
954 4814 1077 4885 disputa·
1126 4813 1204 4863 tutus
1222 4807 1294 4863 enim
1316 4817 1360 4864 est
1380 4807 1426 4865 ills
1448 4809 1506 4881 ipse
1520 4808 1643 4866 Cltristus
1656 4825 1718 4866 curn
1729 4811 1820 4879 omni,
1842 4817 1872 4866 ut
1889 4808 1929 4866 eit

272 4904 360 4961 ulmos
375 4903 565 4974 (Dissertatio
580 4903 675 4959 binus.
695 4904 787 4960 Oetae.
808 4921 867 4976 cap.
882 4907 908 4976 'l,
924 4915 974 4962 urt.
991 4905 1028 4976 Ξ,
1050 4914 1076 4963 et
1126 4899 1324 4966 Tertullianus,
1350 4899 1498 4957 diuinitatis
1526 4901 1611 4973 glorio
1637 4912 1666 4957 et
1693 4901 1852 4974 majestate,
1875 4915 1928 4959 nec

272 4994 408 5054 Dissertut.
422 4995 599 5064 bibenant,
613 5013 671 5068 cap.
687 4997 723 5053 28
735 5040 742 5066 ,
756 5006 806 5056 art.
819 4997 858 5069 l).
1126 5007 1180 5047 non
1201 4981 1350 5046 eumantius
1371 4992 1459 5047 mundi
1473 5002 1559 5061 motu,
1580 5008 1634 5064 quo
1654 5008 1722 5050 sone
1738 4995 1926 5060 subvertetur,

1085 5122 1090 5131 ·
1126 5100 1183 5139 cum
1198 5085 1304 5140 horrore
1318 5083 1403 5152 orbis,
1419 5101 1477 5140 curu
1497 5085 1601 5156 planeto
1620 5087 1753 5154 omnium,
1777 5085 1927 5142 inlideliuut

1124 5185 1152 5232 et
1165 5177 1374 5245 sceleratorum,
1394 5178 1440 5232 red
1460 5193 1511 5232 noo
1533 5178 1730 5246 pltristt'anorttut
1751 5175 1925 5252 (Tertulliun.

1125 5269 1257 5342 Apoloqet.
1272 5275 1330 5342 cap.
1350 5272 1404 5337 23,
1424 5270 1474 5326 eol.
1488 5271 1551 5343 ist,
1569 5271 1707 5338 fidelium,
1722 5269 1864 5340 videlieet,
1878 5269 1926 5342 qui

1122 5365 1167 5437 pie
1182 5375 1327 5433 sancteque
1342 5363 1477 5419 riserunt.
1495 5364 1532 5419 ile
1552 5362 1604 5420 boe
1620 5372 1710 5420 nutem
1724 5372 1845 5420 extrento
1852 5361 1927 5432 judi·

578 5127 725 5168 tnttctttus
738 5129 777 5169 lit.

274 5224 330 5295 Qua
344 5233 459 5298 tempure
474 5227 568 5282 mortui
589 5225 702 5281 bantinus
726 5225 761 5279 ad
780 5226 857 5280 uitam
878 5207 1054 5283 excitabuntur
1062 5259 1077 5298 ,-

306 5318 443 5388 sisteutqne
456 5336 483 5375 se
496 5328 605 5375 extremo
619 5317 668 5374 Dei
682 5317 796 5384 iudicio,
818 5328 842 5373 et
865 5321 991 5391 quomado
1007 5318 1071 5376 Ter·

306 5411 430 5466 titilionus
448 5412 606 5466 etlntlearunt
622 5411 654 5465 de
670 5407 759 5465 Minoe
775 5419 797 5465 et
816 5410 998 5469 Ritudatnunto
1013 5413 1071 5485 opi·
1141 5456 1147 5468 .

1124 5471 1166 5514 ctu
1178 5456 1234 5527 jam
1246 5456 1309 5532 alibi
1323 5454 1618 5526 disseruinrusldlisser.
1628 5456 1656 5510 in
1669 5453 1731 5510 Lac.
1740 5454 1818 5522 nd'l,
1828 5471 1853 5525 p.
1865 5453 1925 5525 di).

306 5503 422 5559 trionibus
436 5505 567 5575 cortfirtoet
581 5505 692 5560 enutriunt
705 5504 774 5560 uota
785 5503 900 5577 bonaque
914 5507 1003 5561 merita
1016 5519 1069 5563 tuin
1162 5549 1215 5605 Sed
1227 5550 1261 5605 ab
1274 5547 1391 5605 ethnicis
1401 5548 1524 5613 'mmm'
1537 5548 1622 5618 inquil
1634 5546 1723 5604 adhuc
1732 5545 1924 5613 Tertullianus,

305 5595 485 5650 mu'mma·
1059 5635 1063 5640 ⁴
1123 5641 1223 5709 Deum,
1244 5658 1324 5715 quem
1343 5651 1421 5699 entes
1446 5640 1586 5699 Christum
1606 5639 1807 5712 opipellsternt,
1828 5638 1926 5711 predi-

304 5731 448 5802 Postqusm
461 5731 639 5790 Tertullianus
655 5733 715 5803 liis,
730 5745 792 5808 quoe
808 5734 1002 5807 exposuimus,
1016 5751 1062 5791 ru·
1122 5744 1209 5790 euntes
1225 5736 1402 5807 pediculorum
1423 5733 1601 5809 (Tertullian.
1624 5731 1760 5805 Apulupet.
1787 5747 1846 5801 cap.
1867 5730 1924 5796 b'l.

269 5815 373 5873 donum
397 5825 541 5878 monueritis
563 5824 749 5894 comprobent
775 5824 894 5883 buturum
920 5826 1071 5897 cujustibet
1122 5827 1172 5883 col.
1184 5827 1284 5898 trptt
1300 5845 1366 5888 satie
1378 5829 1450 5889 betto
1461 5827 1587 5902 otperto
1595 5826 1748 5912 irrisionem
1760 5835 1815 5888 ttoa
1824 5826 1927 5897 solim
