4242 6259
255 313 308 372 so
413 267 420 290 '
792 302 1072 366 rnrnuuuuuuu
1088 301 1357 365 arouoemreuu
1848 301 1902 361 ose

257 426 363 485 Latinis
380 424 514 484 rationem
534 424 634 497 potins,
649 435 730 494 quam
752 434 906 494 sermonem
932 420 1097 484 debuisses
1108 435 1205 480 sonum
1224 429 1254 479 et
1265 421 1384 479 sommi
1400 419 1455 480 Sed
1469 418 1600 494 numquid
1609 418 1791 477 Tertullianus
1802 434 1837 477 eo
1857 419 1906 479 de·

261 520 411 593 appellari:
428 518 495 588 Qnia
518 532 571 574 non
589 514 751 585 sermonalis,
772 514 870 585 inquit,
885 531 902 569 a
918 513 1054 586 principle,
1106 516 1228 586 mentia),
1244 515 1406 590 iuquiemus,
1417 516 1502 583 renit,
1517 524 1548 572 ut
1559 512 1746 586 imperfectam
1759 512 1905 585 aliquando

259 609 536 670 cassinoillum
549 604 694 663 limile
710 605 878 678 primitivis
893 613 918 661 θ’
932 605 1057 676 iiiiii&
1107 610 1265 668 uellantum
1280 609 1433 668 inchoatam
1455 608 1586 682 putaverit
1606 607 1665 665 Filii
1681 608 1729 666 liei
1749 608 1908 681 generatio·

260 721 360 777 quoqne
371 718 453 760 serora
465 701 565 757 ratione
581 701 731 769 consistens,
745 702 857 771 priorem
869 714 927 754 eam
940 706 968 753 al
984 713 1057 753 eoam
1109 717 1184 771 nem,
1195 717 1227 759 ao
1234 711 1327 774 postea
1342 703 1491 773 sumpsisse
1503 702 1622 774 speeiem
1633 711 1661 758 et
1670 711 1808 768 ornatum,
1824 710 1906 775 atque

260 796 428 856 saislnnliant
443 796 559 850 otlendot
581 791 690 867 (nidi
707 791 809 861 Quibus
832 805 898 847 sane
912 789 1001 846 vernis
1021 789 1058 845 si·
1111 794 1148 851 ita
1176 793 1323 865 perlectam
1342 803 1370 864 et
1397 801 1610 851 consummatam
1636 790 1771 863 (iiimi‘i
1797 790 1856 848 Nou
1874 806 1910 849 eo

261 888 482 962 quuillcatnomen
502 885 578 952 illud,
593 890 668 957 lips„
685 883 747 941 ideo
772 883 856 940 latine
881 882 978 939 melius
1004 880 1058 937 dici
1114 887 1196 960 igitur
1209 871 1359 944 sen'sueam
1370 885 1555 959 imperfectam
1565 883 1841 957 appellantesedquo
1851 885 1910 956 ipse

260 993 345 1054 posse
369 978 518 1045 rationem3
538 976 600 1051 quia
615 977 687 1034 Deus
709 976 791 1033 Pater
813 974 848 1030 alr
871 982 975 1031 aterno
1002 986 1057 1028 non
1110 979 1453 1052 modoiiidemexpiieet3
1477 979 1651 1052 qulaetsial)
1671 987 1776 1036 esterno
1787 977 1906 1051 pertenta

261 1069 424 1139 ’amillio
439 1068 491 1126 ¹¹⁰0
500 1077 553 1138 ²⁸¹·
563 1069 722 1127 sermnem
738 1076 814 1123 0¹¹&
826 1080 856 1122 ⁵0
867 1080 921 1122 ⁰⁰¹¹
942 1063 1059 1137 limile·
1115 1070 1216 1140 luerit,
1229 1072 1298 1128 intra
1316 1072 1365 1129 liei
1380 1080 1470 1129 umen
1492 1072 1580 1129 sinum
1591 1070 1709 1140 latebat,
1723 1072 1842 1143 nullique
1857 1071 1911 1129 nisi

260 1163 521 1232 ratierumtameu,
534 1164 597 1234 quia
611 1172 707 1218 natura
720 1175 769 1217 sua
781 1159 841 1231 ipse
855 1158 994 1215 ratiomlis
1006 1164 1058 1226 est,
1110 1163 1220 1237 ipsimet
1231 1163 1283 1220 soii
1302 1163 1357 1221 lieo
1370 1172 1430 1221 erat
1450 1164 1566 1236 ouqnita.
1582 1165 1631 1220 Ast
1643 1163 1688 1220 uiri
1700 1162 1828 1221 mundum
1839 1177 1907 1222 cou-

262 1256 407 1314 Retiouem
420 1254 645 1312 alonternoiutra
657 1267 688 1310 se
698 1252 801 1320 inbuit,
815 1265 876 1322 qum
885 1247 1006 1321 eiusdem
1019 1257 1062 1306 est
1110 1255 1201 1314 dendo
1214 1299 1222 1326 ‚
1239 1256 1311 1314 nune
1321 1255 1481 1316 sermonem
1496 1272 1574 1314 suum
1595 1267 1670 1314 emm
1684 1272 1714 1314 se
1727 1258 1854 1330 promtis,
1875 1271 1909 1316 se

262 1361 325 1405 cum
338 1346 385 1404 5¹¹0
405 1345 585 1412 iubilanllaes
599 1344 649 1402 sed
669 1342 788 1402 mennae
811 1352 839 1400 01
856 1342 982 1399 disllncli
997 1357 1059 1413 illl·
1111 1349 1194 1405 veluti
1207 1364 1240 1405 en
1256 1349 1341 1406 cordis
1354 1351 1395 1406 sai
1410 1350 1519 1407 oalnaet
1538 1351 1660 1420 matrice,
1676 1352 1714 1407 uti
1725 1350 1799 1423 loqui
1811 1360 1906 1422 amat,

261 1453 329 1497 sona
339 1457 348 1509 ;
358 1436 582 1512 quandoquidem
594 1436 677 1496 Pater
691 1435 749 1508 eius
762 1436 797 1493 ab
808 1443 910 1492 aeteruo
921 1433 995 1491 solus
1007 1446 1062 1490 non
1112 1451 1185 1500 mea
1196 1445 1322 1511 semer,
1337 1452 1401 1501 rme
1412 1444 1457 1500 ms
1467 1454 1676 1502 aempnpsmme
1689 1444 1795 1514 semper
1816 1458 1908 1501 snm

263 1542 333 1591 erat.
1113 1545 1138 1592 et
1147 1551 1251 1604 ooeem,
1279 1545 1361 1609 atque
1375 1535 1476 1594 idcirco
1492 1536 1658 1594 exteriorem
1686 1545 1913 1608 ornatsmetspe·

271 1671 276 1685 .
299 1629 336 1681 At
346 1623 417 1682 iuno
428 1624 537 1696 quidem
550 1638 646 1681 rerum
655 1636 719 1680 esse
730 1620 887 1680 Tertulliani
910 1635 1020 1678 sensum
1035 1629 1064 1676 et
1113 1629 1185 1684 mem,
1201 1628 1278 1686 'rum
1289 1629 1361 1686 enim
1375 1644 1390 1685 s
1403 1630 1535 1686 pransuris
1546 1630 1653 1686 rarione
1668 1627 1909 1700 praestringamus

261 1727 382 1775 mentem
401 1716 464 1774 inde
484 1715 624 1773 evidenter
647 1713 789 1770 coniicitur
801 1713 873 1784 quod
895 1713 931 1769 ini
946 1711 1065 1784 disputet
1114 1719 1173 1777 fuir.
1188 1719 1291 1776 Nomen
1306 1721 1406 1792 quippe
1417 1721 1513 1791 speeies
1526 1720 1691 1792 appulsorum
1700 1727 1827 1776 auctores
1838 1717 1910 1775 idem

261 1809 393 1867 adversus
407 1809 558 1877 Praxean,
571 1808 616 1880 qui
631 1807 729 1863 Filium
747 1821 900 1863 sermonem
920 1806 968 1862 1)θί
982 1820 1059 1861 eum·
1075 1812 1283 1885 Bsiquillcatac
1295 1814 1335 1869 rei
1345 1812 1458 1884 alieuius
1470 1811 1673 1870 demonstratio.
1683 1810 1794 1867 Etuero
1805 1809 1913 1882 speeies,

262 1899 327 1959 dem
338 1899 489 1958 omniuoae
499 1900 655 1967 Patremet
668 1898 703 1955 alr
713 1897 923 1970 illudistinctum
933 1911 1059 1953 nonense
1110 1901 1197 1976 inquit
1208 1902 1322 1973 Nonius,
1337 1895 1369 1958 o'i
1385 1906 1507 1976 adspecta
1520 1903 1623 1959 dieitur.
1649 1901 1717 1959 Cum
1729 1902 1810 1974 igitur
1819 1900 1915 1960 Sermo

261 1995 410 2055 effutiebat.
424 1995 494 2066 Quid
512 2004 613 2064 autem,
624 1995 737 2051 obsecro
749 2035 756 2062 ,
769 2002 862 2051 eontra
875 2006 937 2049 eum
951 2005 1061 2064 promo-
1114 1994 1172 2062 liei,
1184 1995 1243 2051 sive
1256 2003 1372 2051 amenus
1391 1995 1440 2050 Dei
1451 1994 1538 2052 Patris
1550 1993 1645 2062 Filius,
1660 2003 1736 2052 entra
1750 1995 1825 2052 illum
1841 1993 1914 2065 prin·

259 2088 363 2155 risset,
388 2088 412 2145 si
435 2086 564 2145 imeretur
576 2087 624 2144 liei
649 2086 747 2144 Filium
767 2100 800 2143 ec
814 2084 972 2143 Sermonem
997 2093 1060 2142 ante
1112 2087 1184 2159 cipio
1205 2087 1297 2144 mundi
1312 2087 1504 2154 emissuseet,
1527 2096 1583 2143 tum
1606 2091 1724 2158 speeiem
1747 2095 1913 2143 stornatum

261 2178 357 2236 mundi
370 2179 511 2236 exordium
522 2193 577 2237 nou
586 2177 749 2245 substitisse,
760 2175 903 2235 neeluisse
916 2192 1058 2248 personum
1113 2180 1282 2237 emesenum
1301 2189 1329 2237 et
1352 2194 1447 2236 rocem
1460 2180 1580 2251 accipit,
1601 2189 1630 2236 et
1644 2179 1763 2252 perlecta
1788 2178 1840 2237 init
1853 2178 1913 2250 eius

260 2287 279 2329 a
291 2272 371 2330 Patre
380 2271 691 2344 aseneumnraeupue
700 2272 790 2342 itaque
802 2284 905 2327 mussan
917 2283 975 2325 suae
986 2279 1062 2341 parte
1115 2273 1252 2342 minitas,
1263 2288 1318 2330 uon
1330 2273 1441 2345 quidem
1453 2273 1541 2344 quoad
1551 2288 1593 2341 se,
1608 2272 1656 2330 sed
1665 2272 1754 2345 quoad
1766 2280 1915 2342 creaturas,

258 2374 358 2440 sponte
369 2364 513 2432 cadendo,
538 2362 660 2435 jmuturn
692 2360 845 2417 adversario
871 2359 1062 2417 dedissetis
1114 2378 1178 2437 qun
1187 2378 1246 2421 mm
1257 2375 1433 2436 agnoverunt.
1561 2365 1565 2373 '

261 2463 367 2511 tautum
379 2454 457 2512 abest
474 2452 541 2510 utid
562 2452 703 2519 concedat,
716 2451 881 2524 quinpotius
895 2450 1060 2508 consentis·
1152 2452 1210 2510 Non
1234 2453 1352 2526 amplius
1379 2470 1444 2528 ergo
1459 2455 1477 2512 ii
1501 2454 1627 2512 audiendi
1654 2463 1718 2511 sunt
1730 2494 1739 2523 ,
1753 2456 1801 2528 qui
1820 2469 1915 2513 rursus

264 2547 336 2603 sime
348 2546 619 2604 asseratSermonem
629 2544 678 2599 liei
688 2552 751 2599 unte
761 2542 854 2599 mundi
863 2542 1026 2600 creationem
1035 2551 1065 2599 et
1116 2546 1365 2619 objicientdiotum
1388 2547 1538 2605 abeodem
1565 2548 1754 2605 Tertulliano:
1771 2546 1843 2606 Dens
1865 2565 1917 2606 ross

261 2636 297 2696 ab
308 2646 412 2694 aeterno
432 2637 545 2694 aPatre
564 2651 627 2695 esse
639 2635 810 2704 distinctum,
823 2635 952 2708 atqueal)
973 2649 1062 2694 eoae·
1115 2638 1266 2695 sermonalis
1301 2655 1317 2694 a
1343 2639 1469 2711 pdndpio
1500 2638 1584 2712 (iiia.
1602 2656 1662 2712 cap.
1690 2639 1739 2712 5).
1763 2639 1829 2697 lirum
1852 2656 1918 2698 con·

261 2729 391 2787 cundum.
1114 2732 1236 2789 timenter
1254 2731 1357 2788 addidit
1373 2748 1381 2788 ι
1397 2733 1442 2788 sed
1455 2732 1590 2788 rationalis
1600 2731 1673 2789 Deus
1688 2733 1766 2788 etiam
1778 2743 1837 2790 ante
1847 2735 1920 2805 prin·

297 2819 352 2877 seo
374 2818 440 2876 moll
452 2817 565 2876 remittit
577 2818 703 2877 nennius
712 2827 844 2891 urqelque
870 2818 1064 2877 Tertullianum
1115 2827 1211 2898 eipiam
1224 2865 1232 2893 ,
1253 2834 1277 2881 et
1288 2828 1349 2897 qnia
1362 2826 1419 2896 ipse
1437 2841 1537 2899 quoque
1550 2825 1642 2882 Sernuo
1654 2826 1920 2897 retinentissimus,

262 2918 357 2982 aperte
376 2909 499 2968 docuisse
516 2919 580 2968 tuno
597 2913 745 2983 perlectam
757 2910 841 2968 luisse
859 2909 920 2969 lilii
934 2912 982 2969 liei
992 2913 1062 2970 nati·
1116 2919 1228 2990 priorem
1239 2933 1297 2973 eam
1306 2916 1445 2974 Rationem
1458 2927 1485 2972 ut
1495 2916 1661 2974 miscendam
1668 2933 1741 2973 seam
1751 2919 1876 2974 ostendor.
1890 2917 1923 2975 si

267 3001 389 3068 ritatem,
403 3013 467 3056 tam
480 2999 552 3058 Deus
566 3014 599 3058 et
615 3001 701 3059 nihilo
721 3000 824 3059 creauit
848 3002 949 3059 omnia·
977 3003 1065 3060 turm
1120 3019 1211 3068 eutem
1223 3010 1295 3067 Deus
1318 3009 1457 3066 rationalis
1471 3008 1522 3066 luit
1532 3017 1595 3066 alite
1614 3008 1789 3081 principium,
1813 3010 1871 3066 sire
1884 3010 1920 3067 alr

265 3092 348 3165 lqitur
365 3109 418 3151 nee
430 3102 524 3163 mtus,
551 3109 745 3168 neepersona,
760 3110 810 3154 nec
824 3095 975 3154 sumentia
987 3107 1065 3156 erat:
1117 3112 1232 3170 aterno,
1247 3100 1294 3159 ilie
1306 3103 1388 3158 etiam
1401 3102 1437 3158 ab
1447 3109 1551 3159 eterno
1564 3101 1674 3173 protulit
1683 3101 1834 3170 Rationem,
1845 3117 1918 3172 qoae,

265 3200 300 3244 ao
309 3187 424 3258 preinde
436 3203 487 3245 nee
510 3189 558 3246 liei
573 3188 667 3246 Filius·
684 3187 789 3262 (Petro.
812 3201 875 3247 tom.
888 3190 922 3248 ll.
937 3189 1060 3264 Tieoloq.
1074 3198 1098 3265 c
1115 3204 1145 3253 ut
1154 3195 1253 3266 sepius
1264 3192 1376 3261 dietum,
1387 3194 1484 3251 Sermo
1497 3204 1525 3252 et
1537 3193 1622 3251 Filius
1634 3193 1691 3264 eius
1703 3204 1743 3251 est
1753 3192 1827 3267 (idid.
1840 3209 1864 3249 c.
1875 3193 1917 3268 8).

267 3278 381 3350 daemon
401 3279 447 3337 lii.
462 3279 482 3337 l.
495 3296 520 3337 e.
535 3280 563 3337 5.
575 3298 602 3353 p.
616 3280 675 3351 ii).
692 3279 802 3339 Nemea
814 3290 878 3338 sunt
888 3282 948 3339 loeo
960 3283 1065 3353 citato,
1117 3286 1186 3344 Tum
1221 3284 1342 3354 deiude,
1372 3286 1414 3341 lie
1437 3285 1547 3353 Sermo,
1573 3286 1677 3357 inquit,
1693 3285 1784 3356 spirita
1809 3294 1922 3342 structas

267 3386 329 3443 queo
348 3373 404 3444 iam
425 3374 566 3432 retulimus
579 3415 587 3438 ‚
613 3374 686 3432 iilius
709 3375 791 3432 uerba
804 3374 929 3448 (Tertull.
942 3375 990 3433 lib.
1001 3377 1064 3434 adr.
1118 3388 1168 3446 est,
1183 3387 1217 3447 et,
1230 3389 1258 3434 at
1271 3380 1308 3434 ito
1321 3379 1439 3447 dixerim,
1452 3377 1584 3436 Sermonis
1597 3397 1709 3452 eorpus,
1731 3379 1758 3436 id
1770 3388 1832 3448 est,
1855 3379 1923 3437 sub·

267 3465 378 3534 Praxo..
403 3481 462 3539 cap.
489 3466 529 3540 7.)
549 3465 636 3525 :linc
658 3476 696 3523 est
717 3468 837 3524 nctioitas
861 3470 975 3541 perfeeto
1001 3468 1066 3526 Ser·
1122 3471 1230 3539 suntin,
1246 3481 1284 3528 ert
1305 3472 1422 3543 spiritns.
1446 3471 1558 3529 Fatetur
1571 3481 1660 3529 autem
1673 3482 1842 3545 utrumque,
1861 3472 1913 3531 etsi

269 3557 353 3612 monis
374 3558 436 3611 dam
458 3556 559 3613 eelim
577 3558 711 3629 procedit,
737 3558 939 3614 condiusnieo
958 3560 1069 3631 primam
1120 3578 1203 3620 uuum
1228 3563 1355 3636 idemque
1374 3565 1439 3630 siut,
1468 3579 1548 3636 posse
1567 3564 1657 3638 aliquo
1688 3565 1769 3622 modo
1787 3564 1916 3638 distinqui

269 3646 306 3703 od
328 3648 467 3718 ooqitatum
480 3648 509 3703 in
532 3649 634 3704 nemim
659 3648 789 3717 Sopltioe:
809 3648 936 3706 Dmrsinas
954 3652 1069 3708 condidit
1120 3653 1210 3726 (idid.
1231 3671 1290 3726 cap.
1314 3655 1362 3729 26)
1380 3673 1387 3711 :
1405 3654 1475 3711 Nam
1488 3656 1603 3730 spiritu,
1615 3655 1717 3721 altille,
1730 3656 1923 3714 ssisrannaess

212 3797 216 3804 ,
272 3753 314 3795 nte
326 3737 429 3793 mitium
440 3738 540 3794 aierem
547 3754 663 3793 suarum.
675 3737 774 3794 netem
784 3749 920 3811 permotas
933 3741 968 3796 od
990 3740 1069 3810 ellec-
1120 3747 1256 3815 emmonis,
1272 3757 1297 3801 et
1310 3764 1393 3803 sermo
1402 3750 1517 3818 operatio
1527 3748 1643 3819 spiritus,
1655 3758 1680 3804 et
1693 3747 1744 3804 dso
1757 3765 1837 3804 ortam
1845 3757 1915 3804 mot.

273 3837 326 3883 tttm
342 3825 540 3898 :campararel
552 3826 653 3894 coelntts,
667 3827 772 3883 aderam
785 3828 826 3883 t'llt'
840 3827 851 3902 (
863 3827 985 3886 Protesi.
1002 3830 1069 3899 illl,
1121 3835 1171 3894 flic
1179 3846 1269 3894 anilem
1279 3838 1376 3895 Sermo
1391 3838 1448 3896 „liei
1469 3838 1574 3907 Patris,
1593 3839 1650 3896 sive
1669 3839 1726 3910 ipsa
1741 3839 1800 3909 ejus
1812 3838 1922 3911 spiritus

276 3917 324 3989 22,
343 3918 402 3991 il).
424 3918 496 3991 limo
514 3918 576 3975 Filii
597 3918 644 3976 liei
668 3919 795 3976 nativitas
810 3928 1008 3994 tunetantuut,
1026 3924 1071 3980 in·
1121 3929 1252 4001 operatio,
1268 3931 1400 3986 creaturis
1413 3944 1466 3986 nou
1478 3932 1552 4002 prius
1566 3930 1693 3996 innotuit,
1708 3945 1788 4002 quatu
1802 3929 1920 3986 mundos

273 4012 333 4083 quit
347 4011 486 4077 Petauius,
501 4009 647 4083 perlectae
663 4009 828 4068 Tertulliano
837 4012 950 4079 dicitur,
962 4015 1072 4087 quaudo
1122 4018 1294 4077 conderetur.
1319 4023 1355 4076 at
1376 4019 1457 4093 hujus
1481 4021 1648 4094 operationis
1665 4020 1725 4077 sire
1739 4021 1922 4092 generationis

274 4103 347 4160 neus
359 4118 407 4176 per
419 4103 528 4175 lpsuun,
544 4101 590 4175 qui
610 4101 774 4173 Serruoejus
795 4114 847 4173 est,
860 4114 889 4161 et
901 4107 1029 4165 muudum
1044 4118 1073 4166 et
1123 4113 1185 4172 ritu
1207 4114 1257 4170 liei
1274 4114 1392 4186 cognitio
1411 4129 1426 4170 a
1442 4114 1609 4172 Tertulliano
1627 4114 1778 4186 appellatur
1802 4112 1921 4186 perlecta

275 4193 366 4256 vinela
379 4194 490 4266 tretili-
1123 4205 1265 4273 uadritas3
1281 4207 1342 4277 quia
1353 4221 1414 4278 quse
1425 4217 1503 4263 antea
1517 4207 1566 4263 soii
1580 4208 1636 4263 lieo
1646 4206 1718 4262 Patri
1725 4207 1833 4278 cognita
1846 4212 1916 4276 erat,

311 4285 411 4343 ilerum
432 4286 603 4344 doctissimus
626 4284 673 4343 ille
694 4286 737 4341 uir
749 4284 963 4348 animadvertere
987 4292 1074 4363 putuit
1125 4307 1190 4357 runc
1202 4301 1333 4357 mentoris
1345 4300 1450 4357 milone
1461 4300 1578 4372 preditis
1589 4299 1719 4371 perelecta
1735 4308 1786 4356 est.

276 4378 411 4452 duplicem
434 4379 469 4435 ab
495 4381 613 4436 Asuetore
635 4388 728 4436 nostro
758 4380 884 4454 distinqui
909 4383 957 4440 liei
987 4385 1074 4443 Patris
1160 4389 1244 4448 Nobis
1262 4400 1351 4447 tamen
1365 4390 1491 4449 Petavius
1507 4400 1536 4449 et
1556 4392 1602 4447 alii
1615 4390 1703 4447 adluue
1716 4388 1922 4461 objectantimc

277 4484 442 4529 monem.
457 4467 564 4527 Primus
590 4483 705 4541 namque
726 4470 774 4541 ipsi
798 4481 840 4529 est
861 4473 1073 4548 intimus,quem
1125 4481 1281 4539 Tertulliani
1306 4482 1340 4539 de
1363 4482 1457 4541 eadem
1483 4482 1544 4539 Filii
1568 4483 1617 4540 liei
1648 4482 1816 4555 apparitione
1837 4480 1921 4538 rerba

278 4565 360 4639 praei
387 4570 516 4624 eirenem
545 4584 553 4620 ι
581 4564 650 4621 alter
676 4571 804 4622 externus
837 4577 865 4623 et
897 4570 1346 4646 prolatitius,1)(l>etae.tom.ll.
1362 4574 1484 4647 Tireoloq.
1497 4576 1610 4648 monson
1625 4573 1672 4634 lii,
1686 4576 1706 4631 l.
1719 4591 1778 4647 cop.
1794 4575 1823 4643 5,
1835 4591 1861 4645 p.
1873 4571 1921 4643 ii;

279 4670 362 4729 quent
394 4668 536 4731 spepnpnee
557 4661 695 4730 appellant
733 4656 906 4730 (Tertullion.
930 4662 979 4717 loe.
997 4663 1075 4733 cin).
1127 4663 1294 4721 Tertulllid.
1315 4664 1374 4722 adu.
1396 4665 1491 4721 Prone.
1513 4683 1571 4737 rap.
1596 4665 1666 4738 lli:
1691 4665 1788 4722 Sedet
1808 4667 1924 4722 trase-

279 4746 455 4806 nemausen
470 4748 552 4806 Pater
565 4754 656 4820 priore
682 4749 728 4808 llio
749 4750 844 4807 intimo
868 4749 1011 4819 Sermone,
1036 4756 1074 4811 ait
1126 4755 1271 4812 sedentiles
1296 4757 1415 4826 openias
1438 4759 1529 4813 mandi
1558 4758 1684 4828 quomodo
1719 4759 1842 4830 seriptm
1864 4755 1924 4812 esti

279 4837 475 4909 Tertullianus,¹
484 4842 699 4910 omniaomnia,
716 4849 744 4897 et
756 4856 820 4897 suas
833 4842 942 4900 edereio
955 4844 1075 4902 saletos-
1126 4847 1246 4906 Prirnnm
1265 4847 1366 4918 quiden
1385 4848 1499 4904 nondam
1527 4847 1599 4904 Filio
1620 4859 1782 4921 apparente:
1800 4847 1835 4903 lit
1858 4846 1925 4902 dieis

281 4930 331 4987 tias
343 4932 485 5003 alipedes,
501 4933 569 4988 intra
582 4945 613 4989 se
627 4932 714 5004 ipsum
733 4930 903 5003 disposuerat
921 4948 953 4992 ac
971 4936 1075 5008 cogita·
1131 4937 1211 5006 deas,
1222 4936 1284 4993 Fiat
1291 4938 1347 5008 lae,
1358 4941 1459 5009 etiacm
1468 4950 1516 5005 est,
1528 4941 1582 5011 ipse
1591 4940 1678 4995 statim
1688 4938 1780 4996 Serum
1790 4940 1836 4995 lae
1846 4954 1924 5009 omn,

280 5021 447 5081 uerat.Tum
466 5021 563 5080 deiude
580 5021 739 5080 &monem
752 5024 824 5080 hunc
842 5038 919 5081 suum
931 5037 1008 5084 extra
1028 5043 1074 5099 se,
1132 5048 1191 5103 qun
1203 5032 1332 5089 illuminat
1354 5034 1483 5089 nonrinem
1500 5034 1637 5088 venientem
1660 5037 1688 5088 ln
1701 5033 1769 5088 lasne
1780 5032 1925 5101 msndsor,

282 5121 311 5171 et
322 5112 441 5171 esteriuu
453 5111 602 5169 emittendo
616 5112 740 5170 universa
754 5113 865 5170 creauit.
880 5116 1025 5190 Atquijam
1034 5120 1075 5175 ti·
1125 5123 1291 5195 etperillnm
1315 5124 1457 5180 mundialis
1479 5141 1577 5197 qooqse
1597 5125 1653 5181 lue.
1678 5124 1780 5180 lininde
1794 5132 1880 5178 mtem
1893 5122 1924 5178 in

281 5203 396 5264 dimuea
410 5203 578 5263 Tertulliano
588 5204 689 5274 umeri,
704 5206 790 5277 repeti
801 5217 850 5274 ,et
861 5208 989 5267 inculcari
998 5211 1074 5270 illum
1128 5214 1254 5272 sannone
1268 5215 1368 5272 Giristo
1380 5217 1513 5274 assistente
1525 5226 1549 5273 et
1563 5217 1775 5285 administrante,
1793 5213 1866 5271 liene
1878 5230 1924 5271 oo·

280 5298 436 5356 interiorem
456 5309 610 5354 sermonem
631 5295 665 5353 ab
677 5297 751 5354 omni
764 5299 915 5357 eternitate
927 5302 1074 5374 periturns
1125 5308 1203 5365 lserit
1228 5309 1306 5379 fieri,
1331 5319 1356 5367 et
1373 5308 1445 5368 Deos
1464 5312 1524 5386 lecit
1525 5348 1652 5367 .....
1678 5328 1724 5384 per
1741 5328 1817 5384 qsern
1837 5311 1925 5368 omnia

280 5389 361 5449 Patre
374 5404 441 5460 sao,
462 5389 509 5462 qui
521 5387 623 5446 idcireo
634 5387 669 5445 ab
683 5403 717 5446 eo
728 5387 812 5462 gradu
824 5399 851 5447 et
868 5390 963 5450 ordine
975 5393 1074 5452 distin·
1125 5400 1273 5472 somnum.
1287 5401 1454 5461 ludeautem
1468 5402 1637 5462 concludunt
1661 5404 1701 5461 ilri
1721 5402 1925 5461 manilestede·
2047 5408 2060 5423 ·

278 5489 356 5552 etus,
371 5480 489 5541 secunda
500 5488 542 5538 est
553 5478 731 5538 sanctissimae
747 5478 885 5540 Trinitatis
898 5498 1021 5555 persona.
1125 5493 1270 5550 monstrari
1287 5492 1385 5552 Filium
1399 5495 1569 5568 etSpiritum
1595 5495 1741 5554 secundam
1766 5506 1795 5555 et
1816 5496 1924 5553 tetiam

279 5565 287 5576 ’
313 5572 370 5634 Cor
394 5587 473 5647 erqo,
495 5571 616 5646 inquies,
641 5580 695 5628 tam
720 5580 813 5643 aperte
833 5573 953 5636 declarat
971 5577 1073 5639 nonalr
1124 5582 1264 5645 Trinitatis
1287 5601 1429 5660 mmounm
1442 5588 1641 5648 uonluisseex
1657 5589 1924 5648 eteroosuhslsteu·

275 5663 644 5735 aiterumsedrnundiinitlo
662 5663 808 5736 perlectam
833 5664 917 5727 luisse
930 5669 989 5739 ejus
1003 5672 1073 5730 nati·
1123 5683 1184 5746 tes,
1209 5678 1257 5738 sed
1284 5679 1392 5753 quando
1414 5681 1727 5744 neusnuuduomtun
1749 5681 1863 5753 lacere,
1889 5695 1924 5740 ae

274 5755 397 5825 rltaem,
412 5764 440 5817 et
453 5763 517 5814 tuno
528 5768 605 5814 suasu
619 5754 757 5828 accepisse
770 5757 909 5832 speeiem,
925 5771 1072 5838 ornatum,
1122 5769 1212 5847 reipsa
1225 5768 1299 5836 lectt.
